%YAML 1.1
%TAG !u! tag:unity3d.com,2011:
--- !u!1001 &100100000
Prefab:
  m_ObjectHideFlags: 1
  serializedVersion: 2
  m_Modification:
    m_TransformParent: {fileID: 0}
    m_Modifications: []
    m_RemovedComponents: []
  m_ParentPrefab: {fileID: 0}
  m_RootGameObject: {fileID: 1010456265355872}
  m_IsPrefabParent: 1
--- !u!1 &1004052607034710
GameObject:
  m_ObjectHideFlags: 1
  m_PrefabParentObject: {fileID: 0}
  m_PrefabInternal: {fileID: 100100000}
  serializedVersion: 5
  m_Component:
  - component: {fileID: 4372019572589852}
  m_Layer: 0
  m_Name: MonsterHub003Bone009
  m_TagString: Untagged
  m_Icon: {fileID: 0}
  m_NavMeshLayer: 0
  m_StaticEditorFlags: 0
  m_IsActive: 1
--- !u!1 &1010456265355872
GameObject:
  m_ObjectHideFlags: 0
  m_PrefabParentObject: {fileID: 0}
  m_PrefabInternal: {fileID: 100100000}
  serializedVersion: 5
  m_Component:
  - component: {fileID: 4776064901850612}
  - component: {fileID: 33169967016167722}
  - component: {fileID: 135173224090205616}
  - component: {fileID: 23901985482774326}
  - component: {fileID: 114736653054884310}
  m_Layer: 0
  m_Name: enemyBlue04
  m_TagString: Enemy
  m_Icon: {fileID: 0}
  m_NavMeshLayer: 0
  m_StaticEditorFlags: 0
  m_IsActive: 1
--- !u!1 &1012796634324042
GameObject:
  m_ObjectHideFlags: 1
  m_PrefabParentObject: {fileID: 0}
  m_PrefabInternal: {fileID: 100100000}
  serializedVersion: 5
  m_Component:
  - component: {fileID: 4627877979453222}
  m_Layer: 0
  m_Name: MonsterRArmDigit42
  m_TagString: Untagged
  m_Icon: {fileID: 0}
  m_NavMeshLayer: 0
  m_StaticEditorFlags: 0
  m_IsActive: 1
--- !u!1 &1025330514815470
GameObject:
  m_ObjectHideFlags: 1
  m_PrefabParentObject: {fileID: 0}
  m_PrefabInternal: {fileID: 100100000}
  serializedVersion: 5
  m_Component:
  - component: {fileID: 4316671804781610}
  m_Layer: 0
  m_Name: MonsterRArmDigit43
  m_TagString: Untagged
  m_Icon: {fileID: 0}
  m_NavMeshLayer: 0
  m_StaticEditorFlags: 0
  m_IsActive: 1
--- !u!1 &1028613006514900
GameObject:
  m_ObjectHideFlags: 1
  m_PrefabParentObject: {fileID: 0}
  m_PrefabInternal: {fileID: 100100000}
  serializedVersion: 5
  m_Component:
  - component: {fileID: 4291812165250604}
  m_Layer: 0
  m_Name: MonsterLArmDigit13
  m_TagString: Untagged
  m_Icon: {fileID: 0}
  m_NavMeshLayer: 0
  m_StaticEditorFlags: 0
  m_IsActive: 1
--- !u!1 &1030203771333490
GameObject:
  m_ObjectHideFlags: 1
  m_PrefabParentObject: {fileID: 0}
  m_PrefabInternal: {fileID: 100100000}
  serializedVersion: 5
  m_Component:
  - component: {fileID: 4764161699240248}
  m_Layer: 0
  m_Name: MonsterLArmDigit32
  m_TagString: Untagged
  m_Icon: {fileID: 0}
  m_NavMeshLayer: 0
  m_StaticEditorFlags: 0
  m_IsActive: 1
--- !u!1 &1058408615699586
GameObject:
  m_ObjectHideFlags: 1
  m_PrefabParentObject: {fileID: 0}
  m_PrefabInternal: {fileID: 100100000}
  serializedVersion: 5
  m_Component:
  - component: {fileID: 4016575020422118}
  m_Layer: 0
  m_Name: MonsterRArmDigit21
  m_TagString: Untagged
  m_Icon: {fileID: 0}
  m_NavMeshLayer: 0
  m_StaticEditorFlags: 0
  m_IsActive: 1
--- !u!1 &1066509180365380
GameObject:
  m_ObjectHideFlags: 1
  m_PrefabParentObject: {fileID: 0}
  m_PrefabInternal: {fileID: 100100000}
  serializedVersion: 5
  m_Component:
  - component: {fileID: 4771224538469462}
  m_Layer: 0
  m_Name: MonsterSpine
  m_TagString: Untagged
  m_Icon: {fileID: 0}
  m_NavMeshLayer: 0
  m_StaticEditorFlags: 0
  m_IsActive: 1
--- !u!1 &1066750889122316
GameObject:
  m_ObjectHideFlags: 1
  m_PrefabParentObject: {fileID: 0}
  m_PrefabInternal: {fileID: 100100000}
  serializedVersion: 5
  m_Component:
  - component: {fileID: 4549814698802548}
  m_Layer: 0
  m_Name: MonsterRArmDigit11
  m_TagString: Untagged
  m_Icon: {fileID: 0}
  m_NavMeshLayer: 0
  m_StaticEditorFlags: 0
  m_IsActive: 1
--- !u!1 &1076493341265690
GameObject:
  m_ObjectHideFlags: 1
  m_PrefabParentObject: {fileID: 0}
  m_PrefabInternal: {fileID: 100100000}
  serializedVersion: 5
  m_Component:
  - component: {fileID: 4555537959310796}
  - component: {fileID: 33478942553508332}
  - component: {fileID: 23774968333980762}
  m_Layer: 0
  m_Name: Down_teeth_mesh
  m_TagString: Untagged
  m_Icon: {fileID: 0}
  m_NavMeshLayer: 0
  m_StaticEditorFlags: 0
  m_IsActive: 1
--- !u!1 &1077737376423250
GameObject:
  m_ObjectHideFlags: 1
  m_PrefabParentObject: {fileID: 0}
  m_PrefabInternal: {fileID: 100100000}
  serializedVersion: 5
  m_Component:
  - component: {fileID: 4091788047991286}
  m_Layer: 0
  m_Name: MonsterHub003Bone007
  m_TagString: Untagged
  m_Icon: {fileID: 0}
  m_NavMeshLayer: 0
  m_StaticEditorFlags: 0
  m_IsActive: 1
--- !u!1 &1080874847870840
GameObject:
  m_ObjectHideFlags: 1
  m_PrefabParentObject: {fileID: 0}
  m_PrefabInternal: {fileID: 100100000}
  serializedVersion: 5
  m_Component:
  - component: {fileID: 4337548551614996}
  m_Layer: 0
  m_Name: MonsterHub003Bone006
  m_TagString: Untagged
  m_Icon: {fileID: 0}
  m_NavMeshLayer: 0
  m_StaticEditorFlags: 0
  m_IsActive: 1
--- !u!1 &1113167073330802
GameObject:
  m_ObjectHideFlags: 1
  m_PrefabParentObject: {fileID: 0}
  m_PrefabInternal: {fileID: 100100000}
  serializedVersion: 5
  m_Component:
  - component: {fileID: 4745749110826058}
  m_Layer: 0
  m_Name: MonsterHub003Bone002
  m_TagString: Untagged
  m_Icon: {fileID: 0}
  m_NavMeshLayer: 0
  m_StaticEditorFlags: 0
  m_IsActive: 1
--- !u!1 &1114565011632794
GameObject:
  m_ObjectHideFlags: 1
  m_PrefabParentObject: {fileID: 0}
  m_PrefabInternal: {fileID: 100100000}
  serializedVersion: 5
  m_Component:
  - component: {fileID: 4387013983774082}
  m_Layer: 0
  m_Name: MonsterRArm2
  m_TagString: Untagged
  m_Icon: {fileID: 0}
  m_NavMeshLayer: 0
  m_StaticEditorFlags: 0
  m_IsActive: 1
--- !u!1 &1122778958346288
GameObject:
  m_ObjectHideFlags: 1
  m_PrefabParentObject: {fileID: 0}
  m_PrefabInternal: {fileID: 100100000}
  serializedVersion: 5
  m_Component:
  - component: {fileID: 4313414989832368}
  m_Layer: 0
  m_Name: MonsterRArm1
  m_TagString: Untagged
  m_Icon: {fileID: 0}
  m_NavMeshLayer: 0
  m_StaticEditorFlags: 0
  m_IsActive: 1
--- !u!1 &1131290944317124
GameObject:
  m_ObjectHideFlags: 1
  m_PrefabParentObject: {fileID: 0}
  m_PrefabInternal: {fileID: 100100000}
  serializedVersion: 5
  m_Component:
  - component: {fileID: 4920174328207654}
  m_Layer: 0
  m_Name: MonsterLArm2
  m_TagString: Untagged
  m_Icon: {fileID: 0}
  m_NavMeshLayer: 0
  m_StaticEditorFlags: 0
  m_IsActive: 1
--- !u!1 &1145074250108772
GameObject:
  m_ObjectHideFlags: 1
  m_PrefabParentObject: {fileID: 0}
  m_PrefabInternal: {fileID: 100100000}
  serializedVersion: 5
  m_Component:
  - component: {fileID: 4021624880387330}
  - component: {fileID: 33281600907457998}
  - component: {fileID: 23375033625535110}
  m_Layer: 0
  m_Name: Eyes_mesh
  m_TagString: Untagged
  m_Icon: {fileID: 0}
  m_NavMeshLayer: 0
  m_StaticEditorFlags: 0
  m_IsActive: 1
--- !u!1 &1149348959213096
GameObject:
  m_ObjectHideFlags: 1
  m_PrefabParentObject: {fileID: 0}
  m_PrefabInternal: {fileID: 100100000}
  serializedVersion: 5
  m_Component:
  - component: {fileID: 4752602520640404}
  m_Layer: 0
  m_Name: MonsterHub002
  m_TagString: Untagged
  m_Icon: {fileID: 0}
  m_NavMeshLayer: 0
  m_StaticEditorFlags: 0
  m_IsActive: 1
--- !u!1 &1149571657826524
GameObject:
  m_ObjectHideFlags: 1
  m_PrefabParentObject: {fileID: 0}
  m_PrefabInternal: {fileID: 100100000}
  serializedVersion: 5
  m_Component:
  - component: {fileID: 4036491658564098}
  m_Layer: 0
  m_Name: MonsterRArmDigit51
  m_TagString: Untagged
  m_Icon: {fileID: 0}
  m_NavMeshLayer: 0
  m_StaticEditorFlags: 0
  m_IsActive: 1
--- !u!1 &1152660163651594
GameObject:
  m_ObjectHideFlags: 1
  m_PrefabParentObject: {fileID: 0}
  m_PrefabInternal: {fileID: 100100000}
  serializedVersion: 5
  m_Component:
  - component: {fileID: 4250576147452038}
  m_Layer: 0
  m_Name: MonsterLArmDigit42
  m_TagString: Untagged
  m_Icon: {fileID: 0}
  m_NavMeshLayer: 0
  m_StaticEditorFlags: 0
  m_IsActive: 1
--- !u!1 &1167984724741322
GameObject:
  m_ObjectHideFlags: 1
  m_PrefabParentObject: {fileID: 0}
  m_PrefabInternal: {fileID: 100100000}
  serializedVersion: 5
  m_Component:
  - component: {fileID: 4075345712115072}
  m_Layer: 0
  m_Name: MonsterHub003Bone001
  m_TagString: Untagged
  m_Icon: {fileID: 0}
  m_NavMeshLayer: 0
  m_StaticEditorFlags: 0
  m_IsActive: 1
--- !u!1 &1172688221195170
GameObject:
  m_ObjectHideFlags: 1
  m_PrefabParentObject: {fileID: 0}
  m_PrefabInternal: {fileID: 100100000}
  serializedVersion: 5
  m_Component:
  - component: {fileID: 4875282618222472}
  m_Layer: 0
  m_Name: MonsterLArmPalm
  m_TagString: Untagged
  m_Icon: {fileID: 0}
  m_NavMeshLayer: 0
  m_StaticEditorFlags: 0
  m_IsActive: 1
--- !u!1 &1178189954854486
GameObject:
  m_ObjectHideFlags: 1
  m_PrefabParentObject: {fileID: 0}
  m_PrefabInternal: {fileID: 100100000}
  serializedVersion: 5
  m_Component:
  - component: {fileID: 4914862627720808}
  m_Layer: 0
  m_Name: MonsterSpine1
  m_TagString: Untagged
  m_Icon: {fileID: 0}
  m_NavMeshLayer: 0
  m_StaticEditorFlags: 0
  m_IsActive: 1
--- !u!1 &1202779572075210
GameObject:
  m_ObjectHideFlags: 1
  m_PrefabParentObject: {fileID: 0}
  m_PrefabInternal: {fileID: 100100000}
  serializedVersion: 5
  m_Component:
  - component: {fileID: 4126436992468202}
  m_Layer: 0
  m_Name: MonsterLLegDigit12
  m_TagString: Untagged
  m_Icon: {fileID: 0}
  m_NavMeshLayer: 0
  m_StaticEditorFlags: 0
  m_IsActive: 1
--- !u!1 &1205106863226162
GameObject:
  m_ObjectHideFlags: 1
  m_PrefabParentObject: {fileID: 0}
  m_PrefabInternal: {fileID: 100100000}
  serializedVersion: 5
  m_Component:
  - component: {fileID: 4105700843600574}
  m_Layer: 0
  m_Name: MonsterHub003Bone003
  m_TagString: Untagged
  m_Icon: {fileID: 0}
  m_NavMeshLayer: 0
  m_StaticEditorFlags: 0
  m_IsActive: 1
--- !u!1 &1216020036869284
GameObject:
  m_ObjectHideFlags: 1
  m_PrefabParentObject: {fileID: 0}
  m_PrefabInternal: {fileID: 100100000}
  serializedVersion: 5
  m_Component:
  - component: {fileID: 4302916515873218}
  m_Layer: 0
  m_Name: MonsterRArmDigit53
  m_TagString: Untagged
  m_Icon: {fileID: 0}
  m_NavMeshLayer: 0
  m_StaticEditorFlags: 0
  m_IsActive: 1
--- !u!1 &1254990222944830
GameObject:
  m_ObjectHideFlags: 1
  m_PrefabParentObject: {fileID: 0}
  m_PrefabInternal: {fileID: 100100000}
  serializedVersion: 5
  m_Component:
  - component: {fileID: 4665344058189220}
  m_Layer: 0
  m_Name: MonsterRArmDigit31
  m_TagString: Untagged
  m_Icon: {fileID: 0}
  m_NavMeshLayer: 0
  m_StaticEditorFlags: 0
  m_IsActive: 1
--- !u!1 &1256558806528678
GameObject:
  m_ObjectHideFlags: 1
  m_PrefabParentObject: {fileID: 0}
  m_PrefabInternal: {fileID: 100100000}
  serializedVersion: 5
  m_Component:
  - component: {fileID: 4006609150444114}
  m_Layer: 0
  m_Name: MonsterLArm1
  m_TagString: Untagged
  m_Icon: {fileID: 0}
  m_NavMeshLayer: 0
  m_StaticEditorFlags: 0
  m_IsActive: 1
--- !u!1 &1258677280059862
GameObject:
  m_ObjectHideFlags: 1
  m_PrefabParentObject: {fileID: 0}
  m_PrefabInternal: {fileID: 100100000}
  serializedVersion: 5
  m_Component:
  - component: {fileID: 4576452642025260}
  m_Layer: 0
  m_Name: MonsterRLegAnkle
  m_TagString: Untagged
  m_Icon: {fileID: 0}
  m_NavMeshLayer: 0
  m_StaticEditorFlags: 0
  m_IsActive: 1
--- !u!1 &1263662350431118
GameObject:
  m_ObjectHideFlags: 1
  m_PrefabParentObject: {fileID: 0}
  m_PrefabInternal: {fileID: 100100000}
  serializedVersion: 5
  m_Component:
  - component: {fileID: 4697103339746142}
  - component: {fileID: 137450549458304146}
  m_Layer: 0
  m_Name: Body_mesh
  m_TagString: Untagged
  m_Icon: {fileID: 0}
  m_NavMeshLayer: 0
  m_StaticEditorFlags: 0
  m_IsActive: 1
--- !u!1 &1271789024298416
GameObject:
  m_ObjectHideFlags: 1
  m_PrefabParentObject: {fileID: 0}
  m_PrefabInternal: {fileID: 100100000}
  serializedVersion: 5
  m_Component:
  - component: {fileID: 4553562449054998}
  m_Layer: 0
  m_Name: MonsterLLeg1
  m_TagString: Untagged
  m_Icon: {fileID: 0}
  m_NavMeshLayer: 0
  m_StaticEditorFlags: 0
  m_IsActive: 1
--- !u!1 &1277352713293686
GameObject:
  m_ObjectHideFlags: 1
  m_PrefabParentObject: {fileID: 0}
  m_PrefabInternal: {fileID: 100100000}
  serializedVersion: 5
  m_Component:
  - component: {fileID: 4658800482209524}
  m_Layer: 0
  m_Name: MonsterHub003Bone008
  m_TagString: Untagged
  m_Icon: {fileID: 0}
  m_NavMeshLayer: 0
  m_StaticEditorFlags: 0
  m_IsActive: 1
--- !u!1 &1278555532776666
GameObject:
  m_ObjectHideFlags: 1
  m_PrefabParentObject: {fileID: 0}
  m_PrefabInternal: {fileID: 100100000}
  serializedVersion: 5
  m_Component:
  - component: {fileID: 4757195730062058}
  m_Layer: 0
  m_Name: MonsterHub001
  m_TagString: Untagged
  m_Icon: {fileID: 0}
  m_NavMeshLayer: 0
  m_StaticEditorFlags: 0
  m_IsActive: 1
--- !u!1 &1288203819155930
GameObject:
  m_ObjectHideFlags: 1
  m_PrefabParentObject: {fileID: 0}
  m_PrefabInternal: {fileID: 100100000}
  serializedVersion: 5
  m_Component:
  - component: {fileID: 4512688022886672}
  m_Layer: 0
  m_Name: MonsterLArmDigit51
  m_TagString: Untagged
  m_Icon: {fileID: 0}
  m_NavMeshLayer: 0
  m_StaticEditorFlags: 0
  m_IsActive: 1
--- !u!1 &1294851917693960
GameObject:
  m_ObjectHideFlags: 1
  m_PrefabParentObject: {fileID: 0}
  m_PrefabInternal: {fileID: 100100000}
  serializedVersion: 5
  m_Component:
  - component: {fileID: 4789565061680916}
  m_Layer: 0
  m_Name: MonsterRLeg2
  m_TagString: Untagged
  m_Icon: {fileID: 0}
  m_NavMeshLayer: 0
  m_StaticEditorFlags: 0
  m_IsActive: 1
--- !u!1 &1298158237801256
GameObject:
  m_ObjectHideFlags: 1
  m_PrefabParentObject: {fileID: 0}
  m_PrefabInternal: {fileID: 100100000}
  serializedVersion: 5
  m_Component:
  - component: {fileID: 4205977485008260}
  - component: {fileID: 33818076003575308}
  - component: {fileID: 23004293555533126}
  m_Layer: 0
  m_Name: Horns_mesh
  m_TagString: Untagged
  m_Icon: {fileID: 0}
  m_NavMeshLayer: 0
  m_StaticEditorFlags: 0
  m_IsActive: 1
--- !u!1 &1303534123620374
GameObject:
  m_ObjectHideFlags: 1
  m_PrefabParentObject: {fileID: 0}
  m_PrefabInternal: {fileID: 100100000}
  serializedVersion: 5
  m_Component:
  - component: {fileID: 4751681367232874}
  m_Layer: 0
  m_Name: MonsterRArmDigit13
  m_TagString: Untagged
  m_Icon: {fileID: 0}
  m_NavMeshLayer: 0
  m_StaticEditorFlags: 0
  m_IsActive: 1
--- !u!1 &1306948413013654
GameObject:
  m_ObjectHideFlags: 1
  m_PrefabParentObject: {fileID: 0}
  m_PrefabInternal: {fileID: 100100000}
  serializedVersion: 5
  m_Component:
  - component: {fileID: 4304427200697696}
  m_Layer: 0
  m_Name: MonsterRLegPlatform
  m_TagString: Untagged
  m_Icon: {fileID: 0}
  m_NavMeshLayer: 0
  m_StaticEditorFlags: 0
  m_IsActive: 1
--- !u!1 &1316034727219774
GameObject:
  m_ObjectHideFlags: 1
  m_PrefabParentObject: {fileID: 0}
  m_PrefabInternal: {fileID: 100100000}
  serializedVersion: 5
  m_Component:
  - component: {fileID: 4831874827698286}
  m_Layer: 0
  m_Name: MonsterLArmDigit53
  m_TagString: Untagged
  m_Icon: {fileID: 0}
  m_NavMeshLayer: 0
  m_StaticEditorFlags: 0
  m_IsActive: 1
--- !u!1 &1317035710947194
GameObject:
  m_ObjectHideFlags: 1
  m_PrefabParentObject: {fileID: 0}
  m_PrefabInternal: {fileID: 100100000}
  serializedVersion: 5
  m_Component:
  - component: {fileID: 4347658926739600}
  m_Layer: 0
  m_Name: MonsterRArmDigit32
  m_TagString: Untagged
  m_Icon: {fileID: 0}
  m_NavMeshLayer: 0
  m_StaticEditorFlags: 0
  m_IsActive: 1
--- !u!1 &1324453383395666
GameObject:
  m_ObjectHideFlags: 1
  m_PrefabParentObject: {fileID: 0}
  m_PrefabInternal: {fileID: 100100000}
  serializedVersion: 5
  m_Component:
  - component: {fileID: 4776077384313986}
  - component: {fileID: 33894048589311684}
  - component: {fileID: 23348969335203122}
  m_Layer: 0
  m_Name: Up_teeth_mesh
  m_TagString: Untagged
  m_Icon: {fileID: 0}
  m_NavMeshLayer: 0
  m_StaticEditorFlags: 0
  m_IsActive: 1
--- !u!1 &1333286826089022
GameObject:
  m_ObjectHideFlags: 1
  m_PrefabParentObject: {fileID: 0}
  m_PrefabInternal: {fileID: 100100000}
  serializedVersion: 5
  m_Component:
  - component: {fileID: 4105639719575422}
  m_Layer: 0
  m_Name: MonsterLArmDigit31
  m_TagString: Untagged
  m_Icon: {fileID: 0}
  m_NavMeshLayer: 0
  m_StaticEditorFlags: 0
  m_IsActive: 1
--- !u!1 &1334190231853642
GameObject:
  m_ObjectHideFlags: 1
  m_PrefabParentObject: {fileID: 0}
  m_PrefabInternal: {fileID: 100100000}
  serializedVersion: 5
  m_Component:
  - component: {fileID: 4286895388673522}
  m_Layer: 0
  m_Name: MonsterRLeg1
  m_TagString: Untagged
  m_Icon: {fileID: 0}
  m_NavMeshLayer: 0
  m_StaticEditorFlags: 0
  m_IsActive: 1
--- !u!1 &1340757271541160
GameObject:
  m_ObjectHideFlags: 0
  m_PrefabParentObject: {fileID: 0}
  m_PrefabInternal: {fileID: 100100000}
  serializedVersion: 5
  m_Component:
  - component: {fileID: 4479446110697254}
  - component: {fileID: 95096840278973268}
  m_Layer: 0
  m_Name: Monster
  m_TagString: Untagged
  m_Icon: {fileID: 0}
  m_NavMeshLayer: 0
  m_StaticEditorFlags: 0
  m_IsActive: 1
--- !u!1 &1342238684145498
GameObject:
  m_ObjectHideFlags: 1
  m_PrefabParentObject: {fileID: 0}
  m_PrefabInternal: {fileID: 100100000}
  serializedVersion: 5
  m_Component:
  - component: {fileID: 4063707330948954}
  - component: {fileID: 33424705647305858}
  - component: {fileID: 23818216114454026}
  m_Layer: 0
  m_Name: Tongue_mesh
  m_TagString: Untagged
  m_Icon: {fileID: 0}
  m_NavMeshLayer: 0
  m_StaticEditorFlags: 0
  m_IsActive: 1
--- !u!1 &1368249139495108
GameObject:
  m_ObjectHideFlags: 1
  m_PrefabParentObject: {fileID: 0}
  m_PrefabInternal: {fileID: 100100000}
  serializedVersion: 5
  m_Component:
  - component: {fileID: 4854171028190612}
  m_Layer: 0
  m_Name: MonsterLLegPlatform
  m_TagString: Untagged
  m_Icon: {fileID: 0}
  m_NavMeshLayer: 0
  m_StaticEditorFlags: 0
  m_IsActive: 1
--- !u!1 &1384412005534548
GameObject:
  m_ObjectHideFlags: 1
  m_PrefabParentObject: {fileID: 0}
  m_PrefabInternal: {fileID: 100100000}
  serializedVersion: 5
  m_Component:
  - component: {fileID: 4741285498578186}
  m_Layer: 0
  m_Name: MonsterHub001Bone001
  m_TagString: Untagged
  m_Icon: {fileID: 0}
  m_NavMeshLayer: 0
  m_StaticEditorFlags: 0
  m_IsActive: 1
--- !u!1 &1396497622868876
GameObject:
  m_ObjectHideFlags: 1
  m_PrefabParentObject: {fileID: 0}
  m_PrefabInternal: {fileID: 100100000}
  serializedVersion: 5
  m_Component:
  - component: {fileID: 4991846678896936}
  m_Layer: 0
  m_Name: MonsterRArmCollarbone
  m_TagString: Untagged
  m_Icon: {fileID: 0}
  m_NavMeshLayer: 0
  m_StaticEditorFlags: 0
  m_IsActive: 1
--- !u!1 &1421846829008152
GameObject:
  m_ObjectHideFlags: 1
  m_PrefabParentObject: {fileID: 0}
  m_PrefabInternal: {fileID: 100100000}
  serializedVersion: 5
  m_Component:
  - component: {fileID: 4124533681409268}
  m_Layer: 0
  m_Name: MonsterLArmDigit12
  m_TagString: Untagged
  m_Icon: {fileID: 0}
  m_NavMeshLayer: 0
  m_StaticEditorFlags: 0
  m_IsActive: 1
--- !u!1 &1447310779379170
GameObject:
  m_ObjectHideFlags: 1
  m_PrefabParentObject: {fileID: 0}
  m_PrefabInternal: {fileID: 100100000}
  serializedVersion: 5
  m_Component:
  - component: {fileID: 4759809068807148}
  m_Layer: 0
  m_Name: MonsterLLeg2
  m_TagString: Untagged
  m_Icon: {fileID: 0}
  m_NavMeshLayer: 0
  m_StaticEditorFlags: 0
  m_IsActive: 1
--- !u!1 &1455419056234074
GameObject:
  m_ObjectHideFlags: 1
  m_PrefabParentObject: {fileID: 0}
  m_PrefabInternal: {fileID: 100100000}
  serializedVersion: 5
  m_Component:
  - component: {fileID: 4707981053901814}
  m_Layer: 0
  m_Name: MonsterRArmDigit12
  m_TagString: Untagged
  m_Icon: {fileID: 0}
  m_NavMeshLayer: 0
  m_StaticEditorFlags: 0
  m_IsActive: 1
--- !u!1 &1465770846153380
GameObject:
  m_ObjectHideFlags: 1
  m_PrefabParentObject: {fileID: 0}
  m_PrefabInternal: {fileID: 100100000}
  serializedVersion: 5
  m_Component:
  - component: {fileID: 4736110447899596}
  m_Layer: 0
  m_Name: MonsterRArmDigit33
  m_TagString: Untagged
  m_Icon: {fileID: 0}
  m_NavMeshLayer: 0
  m_StaticEditorFlags: 0
  m_IsActive: 1
--- !u!1 &1473731848340162
GameObject:
  m_ObjectHideFlags: 1
  m_PrefabParentObject: {fileID: 0}
  m_PrefabInternal: {fileID: 100100000}
  serializedVersion: 5
  m_Component:
  - component: {fileID: 4026940624918922}
  m_Layer: 0
  m_Name: MonsterRArmDigit22
  m_TagString: Untagged
  m_Icon: {fileID: 0}
  m_NavMeshLayer: 0
  m_StaticEditorFlags: 0
  m_IsActive: 1
--- !u!1 &1528013022915630
GameObject:
  m_ObjectHideFlags: 1
  m_PrefabParentObject: {fileID: 0}
  m_PrefabInternal: {fileID: 100100000}
  serializedVersion: 5
  m_Component:
  - component: {fileID: 4250167544037560}
  m_Layer: 0
  m_Name: MonsterRArmPalm
  m_TagString: Untagged
  m_Icon: {fileID: 0}
  m_NavMeshLayer: 0
  m_StaticEditorFlags: 0
  m_IsActive: 1
--- !u!1 &1562873298240274
GameObject:
  m_ObjectHideFlags: 1
  m_PrefabParentObject: {fileID: 0}
  m_PrefabInternal: {fileID: 100100000}
  serializedVersion: 5
  m_Component:
  - component: {fileID: 4672926436691440}
  m_Layer: 0
  m_Name: MonsterLLegDigit11
  m_TagString: Untagged
  m_Icon: {fileID: 0}
  m_NavMeshLayer: 0
  m_StaticEditorFlags: 0
  m_IsActive: 1
--- !u!1 &1569917717840528
GameObject:
  m_ObjectHideFlags: 1
  m_PrefabParentObject: {fileID: 0}
  m_PrefabInternal: {fileID: 100100000}
  serializedVersion: 5
  m_Component:
  - component: {fileID: 4025252461763832}
  m_Layer: 0
  m_Name: MonsterLArmDigit11
  m_TagString: Untagged
  m_Icon: {fileID: 0}
  m_NavMeshLayer: 0
  m_StaticEditorFlags: 0
  m_IsActive: 1
--- !u!1 &1582549795149774
GameObject:
  m_ObjectHideFlags: 1
  m_PrefabParentObject: {fileID: 0}
  m_PrefabInternal: {fileID: 100100000}
  serializedVersion: 5
  m_Component:
  - component: {fileID: 4522452509792246}
  m_Layer: 0
  m_Name: UpTeeth
  m_TagString: Untagged
  m_Icon: {fileID: 0}
  m_NavMeshLayer: 0
  m_StaticEditorFlags: 0
  m_IsActive: 1
--- !u!1 &1591021876029078
GameObject:
  m_ObjectHideFlags: 1
  m_PrefabParentObject: {fileID: 0}
  m_PrefabInternal: {fileID: 100100000}
  serializedVersion: 5
  m_Component:
  - component: {fileID: 4746238638920614}
  m_Layer: 0
  m_Name: MonsterLArmCollarbone
  m_TagString: Untagged
  m_Icon: {fileID: 0}
  m_NavMeshLayer: 0
  m_StaticEditorFlags: 0
  m_IsActive: 1
--- !u!1 &1652392234325668
GameObject:
  m_ObjectHideFlags: 1
  m_PrefabParentObject: {fileID: 0}
  m_PrefabInternal: {fileID: 100100000}
  serializedVersion: 5
  m_Component:
  - component: {fileID: 4266295797314844}
  m_Layer: 0
  m_Name: Monster
  m_TagString: Untagged
  m_Icon: {fileID: 0}
  m_NavMeshLayer: 0
  m_StaticEditorFlags: 0
  m_IsActive: 1
--- !u!1 &1652675373838842
GameObject:
  m_ObjectHideFlags: 1
  m_PrefabParentObject: {fileID: 0}
  m_PrefabInternal: {fileID: 100100000}
  serializedVersion: 5
  m_Component:
  - component: {fileID: 4139830490151450}
  - component: {fileID: 33055642277637692}
  - component: {fileID: 23850392417129578}
  m_Layer: 0
  m_Name: Down_jaw_mesh
  m_TagString: Untagged
  m_Icon: {fileID: 0}
  m_NavMeshLayer: 0
  m_StaticEditorFlags: 0
  m_IsActive: 1
--- !u!1 &1662261504777046
GameObject:
  m_ObjectHideFlags: 1
  m_PrefabParentObject: {fileID: 0}
  m_PrefabInternal: {fileID: 100100000}
  serializedVersion: 5
  m_Component:
  - component: {fileID: 4491153836404572}
  m_Layer: 0
  m_Name: MonsterRArmDigit23
  m_TagString: Untagged
  m_Icon: {fileID: 0}
  m_NavMeshLayer: 0
  m_StaticEditorFlags: 0
  m_IsActive: 1
--- !u!1 &1692587950610938
GameObject:
  m_ObjectHideFlags: 1
  m_PrefabParentObject: {fileID: 0}
  m_PrefabInternal: {fileID: 100100000}
  serializedVersion: 5
  m_Component:
  - component: {fileID: 4753558758970148}
  m_Layer: 0
  m_Name: MonsterLLegAnkle
  m_TagString: Untagged
  m_Icon: {fileID: 0}
  m_NavMeshLayer: 0
  m_StaticEditorFlags: 0
  m_IsActive: 1
--- !u!1 &1705749455108952
GameObject:
  m_ObjectHideFlags: 1
  m_PrefabParentObject: {fileID: 0}
  m_PrefabInternal: {fileID: 100100000}
  serializedVersion: 5
  m_Component:
  - component: {fileID: 4721460676495800}
  m_Layer: 0
  m_Name: MonsterRArmDigit52
  m_TagString: Untagged
  m_Icon: {fileID: 0}
  m_NavMeshLayer: 0
  m_StaticEditorFlags: 0
  m_IsActive: 1
--- !u!1 &1713479344560780
GameObject:
  m_ObjectHideFlags: 1
  m_PrefabParentObject: {fileID: 0}
  m_PrefabInternal: {fileID: 100100000}
  serializedVersion: 5
  m_Component:
  - component: {fileID: 4044739740841280}
  m_Layer: 0
  m_Name: DownTeeth
  m_TagString: Untagged
  m_Icon: {fileID: 0}
  m_NavMeshLayer: 0
  m_StaticEditorFlags: 0
  m_IsActive: 1
--- !u!1 &1720978167615106
GameObject:
  m_ObjectHideFlags: 1
  m_PrefabParentObject: {fileID: 0}
  m_PrefabInternal: {fileID: 100100000}
  serializedVersion: 5
  m_Component:
  - component: {fileID: 4844991849239144}
  - component: {fileID: 33304491547516484}
  - component: {fileID: 23685480084342792}
  m_Layer: 0
  m_Name: Up_jaw_mesh
  m_TagString: Untagged
  m_Icon: {fileID: 0}
  m_NavMeshLayer: 0
  m_StaticEditorFlags: 0
  m_IsActive: 1
--- !u!1 &1753765956135768
GameObject:
  m_ObjectHideFlags: 1
  m_PrefabParentObject: {fileID: 0}
  m_PrefabInternal: {fileID: 100100000}
  serializedVersion: 5
  m_Component:
  - component: {fileID: 4617645111875006}
  m_Layer: 0
  m_Name: MonsterLArmDigit21
  m_TagString: Untagged
  m_Icon: {fileID: 0}
  m_NavMeshLayer: 0
  m_StaticEditorFlags: 0
  m_IsActive: 1
--- !u!1 &1760470597081916
GameObject:
  m_ObjectHideFlags: 1
  m_PrefabParentObject: {fileID: 0}
  m_PrefabInternal: {fileID: 100100000}
  serializedVersion: 5
  m_Component:
  - component: {fileID: 4227671157931900}
  m_Layer: 0
  m_Name: MonsterLArmDigit33
  m_TagString: Untagged
  m_Icon: {fileID: 0}
  m_NavMeshLayer: 0
  m_StaticEditorFlags: 0
  m_IsActive: 1
--- !u!1 &1797735954660090
GameObject:
  m_ObjectHideFlags: 1
  m_PrefabParentObject: {fileID: 0}
  m_PrefabInternal: {fileID: 100100000}
  serializedVersion: 5
  m_Component:
  - component: {fileID: 4556407161133530}
  m_Layer: 0
  m_Name: MonsterLArmDigit22
  m_TagString: Untagged
  m_Icon: {fileID: 0}
  m_NavMeshLayer: 0
  m_StaticEditorFlags: 0
  m_IsActive: 1
--- !u!1 &1803086942853098
GameObject:
  m_ObjectHideFlags: 1
  m_PrefabParentObject: {fileID: 0}
  m_PrefabInternal: {fileID: 100100000}
  serializedVersion: 5
  m_Component:
  - component: {fileID: 4229178498039646}
  m_Layer: 0
  m_Name: MonsterLArmDigit43
  m_TagString: Untagged
  m_Icon: {fileID: 0}
  m_NavMeshLayer: 0
  m_StaticEditorFlags: 0
  m_IsActive: 1
--- !u!1 &1820887661995750
GameObject:
  m_ObjectHideFlags: 1
  m_PrefabParentObject: {fileID: 0}
  m_PrefabInternal: {fileID: 100100000}
  serializedVersion: 5
  m_Component:
  - component: {fileID: 4974147898998028}
  m_Layer: 0
  m_Name: MonsterRLegDigit11
  m_TagString: Untagged
  m_Icon: {fileID: 0}
  m_NavMeshLayer: 0
  m_StaticEditorFlags: 0
  m_IsActive: 1
--- !u!1 &1850232185430456
GameObject:
  m_ObjectHideFlags: 1
  m_PrefabParentObject: {fileID: 0}
  m_PrefabInternal: {fileID: 100100000}
  serializedVersion: 5
  m_Component:
  - component: {fileID: 4720950405160450}
  m_Layer: 0
  m_Name: MonsterHub003Bone005
  m_TagString: Untagged
  m_Icon: {fileID: 0}
  m_NavMeshLayer: 0
  m_StaticEditorFlags: 0
  m_IsActive: 1
--- !u!1 &1866866995666026
GameObject:
  m_ObjectHideFlags: 1
  m_PrefabParentObject: {fileID: 0}
  m_PrefabInternal: {fileID: 100100000}
  serializedVersion: 5
  m_Component:
  - component: {fileID: 4551299677067080}
  m_Layer: 0
  m_Name: MonsterHub003
  m_TagString: Untagged
  m_Icon: {fileID: 0}
  m_NavMeshLayer: 0
  m_StaticEditorFlags: 0
  m_IsActive: 1
--- !u!1 &1893904785186138
GameObject:
  m_ObjectHideFlags: 1
  m_PrefabParentObject: {fileID: 0}
  m_PrefabInternal: {fileID: 100100000}
  serializedVersion: 5
  m_Component:
  - component: {fileID: 4088611447627608}
  m_Layer: 0
  m_Name: MonsterLArmDigit23
  m_TagString: Untagged
  m_Icon: {fileID: 0}
  m_NavMeshLayer: 0
  m_StaticEditorFlags: 0
  m_IsActive: 1
--- !u!1 &1898446205446688
GameObject:
  m_ObjectHideFlags: 1
  m_PrefabParentObject: {fileID: 0}
  m_PrefabInternal: {fileID: 100100000}
  serializedVersion: 5
  m_Component:
  - component: {fileID: 4485715229182906}
  m_Layer: 0
  m_Name: MonsterLArmDigit52
  m_TagString: Untagged
  m_Icon: {fileID: 0}
  m_NavMeshLayer: 0
  m_StaticEditorFlags: 0
  m_IsActive: 1
--- !u!1 &1946457643873566
GameObject:
  m_ObjectHideFlags: 1
  m_PrefabParentObject: {fileID: 0}
  m_PrefabInternal: {fileID: 100100000}
  serializedVersion: 5
  m_Component:
  - component: {fileID: 4227981491290186}
  m_Layer: 0
  m_Name: MonsterRArmDigit41
  m_TagString: Untagged
  m_Icon: {fileID: 0}
  m_NavMeshLayer: 0
  m_StaticEditorFlags: 0
  m_IsActive: 1
--- !u!1 &1951851115366912
GameObject:
  m_ObjectHideFlags: 1
  m_PrefabParentObject: {fileID: 0}
  m_PrefabInternal: {fileID: 100100000}
  serializedVersion: 5
  m_Component:
  - component: {fileID: 4501324744827286}
  m_Layer: 0
  m_Name: MonsterRLegDigit12
  m_TagString: Untagged
  m_Icon: {fileID: 0}
  m_NavMeshLayer: 0
  m_StaticEditorFlags: 0
  m_IsActive: 1
--- !u!1 &1957377311197738
GameObject:
  m_ObjectHideFlags: 1
  m_PrefabParentObject: {fileID: 0}
  m_PrefabInternal: {fileID: 100100000}
  serializedVersion: 5
  m_Component:
  - component: {fileID: 4529124427833610}
  m_Layer: 0
  m_Name: MonsterLArmDigit41
  m_TagString: Untagged
  m_Icon: {fileID: 0}
  m_NavMeshLayer: 0
  m_StaticEditorFlags: 0
  m_IsActive: 1
--- !u!1 &1967107442418046
GameObject:
  m_ObjectHideFlags: 1
  m_PrefabParentObject: {fileID: 0}
  m_PrefabInternal: {fileID: 100100000}
  serializedVersion: 5
  m_Component:
  - component: {fileID: 4121626534998460}
  m_Layer: 0
  m_Name: MonsterSpine2
  m_TagString: Untagged
  m_Icon: {fileID: 0}
  m_NavMeshLayer: 0
  m_StaticEditorFlags: 0
  m_IsActive: 1
--- !u!1 &1980298635992478
GameObject:
  m_ObjectHideFlags: 1
  m_PrefabParentObject: {fileID: 0}
  m_PrefabInternal: {fileID: 100100000}
  serializedVersion: 5
  m_Component:
  - component: {fileID: 4756741977742852}
  m_Layer: 0
  m_Name: MonsterHub003Bone004
  m_TagString: Untagged
  m_Icon: {fileID: 0}
  m_NavMeshLayer: 0
  m_StaticEditorFlags: 0
  m_IsActive: 1
--- !u!4 &4006609150444114
Transform:
  m_ObjectHideFlags: 1
  m_PrefabParentObject: {fileID: 0}
  m_PrefabInternal: {fileID: 100100000}
  m_GameObject: {fileID: 1256558806528678}
  m_LocalRotation: {x: 0.25593367, y: 0.39866525, z: -0.31332573, w: 0.8230376}
  m_LocalPosition: {x: -0.25873628, y: -0.0000022125244, z: 0}
  m_LocalScale: {x: 0.99999857, y: 1.000004, z: 0.9999973}
  m_Children:
  - {fileID: 4920174328207654}
  m_Father: {fileID: 4746238638920614}
  m_RootOrder: 0
  m_LocalEulerAnglesHint: {x: 0, y: 0, z: 0}
--- !u!4 &4016575020422118
Transform:
  m_ObjectHideFlags: 1
  m_PrefabParentObject: {fileID: 0}
  m_PrefabInternal: {fileID: 100100000}
  m_GameObject: {fileID: 1058408615699586}
  m_LocalRotation: {x: 0.00132144, y: -0.0070352266, z: 0.18109569, w: 0.98343945}
  m_LocalPosition: {x: -0.14381118, y: -0.0039648437, z: -0.058456726}
  m_LocalScale: {x: 1, y: 1, z: 0.99999994}
  m_Children:
  - {fileID: 4026940624918922}
  m_Father: {fileID: 4250167544037560}
  m_RootOrder: 1
  m_LocalEulerAnglesHint: {x: 0, y: 0, z: 0}
--- !u!4 &4021624880387330
Transform:
  m_ObjectHideFlags: 1
  m_PrefabParentObject: {fileID: 0}
  m_PrefabInternal: {fileID: 100100000}
  m_GameObject: {fileID: 1145074250108772}
  m_LocalRotation: {x: 0.6154345, y: 0.348196, z: -0.6154343, w: 0.3481961}
  m_LocalPosition: {x: 0.24865356, y: 0.66157895, z: 0.00000022888185}
  m_LocalScale: {x: 1, y: 1, z: 1}
  m_Children: []
  m_Father: {fileID: 4551299677067080}
  m_RootOrder: 0
  m_LocalEulerAnglesHint: {x: 0, y: 0, z: 0}
--- !u!4 &4025252461763832
Transform:
  m_ObjectHideFlags: 1
  m_PrefabParentObject: {fileID: 0}
  m_PrefabInternal: {fileID: 100100000}
  m_GameObject: {fileID: 1569917717840528}
  m_LocalRotation: {x: 0.38467196, y: 0.31124476, z: 0.24431446, w: 0.8339453}
  m_LocalPosition: {x: -0.021906128, y: 0.011835022, z: 0.06971061}
  m_LocalScale: {x: 0.99999994, y: 1.0000001, z: 1}
  m_Children:
  - {fileID: 4124533681409268}
  m_Father: {fileID: 4875282618222472}
  m_RootOrder: 0
  m_LocalEulerAnglesHint: {x: 0, y: 0, z: 0}
--- !u!4 &4026940624918922
Transform:
  m_ObjectHideFlags: 1
  m_PrefabParentObject: {fileID: 0}
  m_PrefabInternal: {fileID: 100100000}
  m_GameObject: {fileID: 1473731848340162}
  m_LocalRotation: {x: 0.0010469845, y: 0.008610997, z: 0.18863426, w: 0.9820091}
  m_LocalPosition: {x: -0.046448212, y: 0, z: 0}
  m_LocalScale: {x: 1.0000001, y: 1, z: 1.0000001}
  m_Children:
  - {fileID: 4491153836404572}
  m_Father: {fileID: 4016575020422118}
  m_RootOrder: 0
  m_LocalEulerAnglesHint: {x: 0, y: 0, z: 0}
--- !u!4 &4036491658564098
Transform:
  m_ObjectHideFlags: 1
  m_PrefabParentObject: {fileID: 0}
  m_PrefabInternal: {fileID: 100100000}
  m_GameObject: {fileID: 1149571657826524}
  m_LocalRotation: {x: -0.0038465732, y: 0.01771817, z: 0.21071269, w: 0.9773799}
  m_LocalPosition: {x: -0.15192147, y: -0.0066016386, z: 0.066994205}
  m_LocalScale: {x: 1, y: 0.9999999, z: 0.99999994}
  m_Children:
  - {fileID: 4721460676495800}
  m_Father: {fileID: 4250167544037560}
  m_RootOrder: 4
  m_LocalEulerAnglesHint: {x: 0, y: 0, z: 0}
--- !u!4 &4044739740841280
Transform:
  m_ObjectHideFlags: 1
  m_PrefabParentObject: {fileID: 0}
  m_PrefabInternal: {fileID: 100100000}
  m_GameObject: {fileID: 1713479344560780}
  m_LocalRotation: {x: 0.39027846, y: 0.5896463, z: -0.39027834, w: 0.58964646}
  m_LocalPosition: {x: -0.092469364, y: -0.03239288, z: 0.00000037692624}
  m_LocalScale: {x: 1, y: 1, z: 1}
  m_Children:
  - {fileID: 4139830490151450}
  - {fileID: 4555537959310796}
  m_Father: {fileID: 4075345712115072}
  m_RootOrder: 0
  m_LocalEulerAnglesHint: {x: 0, y: 0, z: 0}
--- !u!4 &4063707330948954
Transform:
  m_ObjectHideFlags: 1
  m_PrefabParentObject: {fileID: 0}
  m_PrefabInternal: {fileID: 100100000}
  m_GameObject: {fileID: 1342238684145498}
  m_LocalRotation: {x: 0.6154345, y: 0.348196, z: -0.6154343, w: 0.3481961}
  m_LocalPosition: {x: 0.25306332, y: 0.6689184, z: 0.00000022888183}
  m_LocalScale: {x: 1, y: 1, z: 1}
  m_Children: []
  m_Father: {fileID: 4551299677067080}
  m_RootOrder: 8
  m_LocalEulerAnglesHint: {x: 0, y: 0, z: 0}
--- !u!4 &4075345712115072
Transform:
  m_ObjectHideFlags: 1
  m_PrefabParentObject: {fileID: 0}
  m_PrefabInternal: {fileID: 100100000}
  m_GameObject: {fileID: 1167984724741322}
  m_LocalRotation: {x: 2.060564e-15, y: 4.6197465e-15, z: -0.45399052, w: 0.8910065}
  m_LocalPosition: {x: -0.01493988, y: 0.014055786, z: -0.00000021754217}
  m_LocalScale: {x: 1, y: 1, z: 1}
  m_Children:
  - {fileID: 4044739740841280}
  - {fileID: 4720950405160450}
  - {fileID: 4091788047991286}
  - {fileID: 4372019572589852}
  m_Father: {fileID: 4551299677067080}
  m_RootOrder: 2
  m_LocalEulerAnglesHint: {x: 0, y: 0, z: 0}
--- !u!4 &4088611447627608
Transform:
  m_ObjectHideFlags: 1
  m_PrefabParentObject: {fileID: 0}
  m_PrefabInternal: {fileID: 100100000}
  m_GameObject: {fileID: 1893904785186138}
  m_LocalRotation: {x: 0.00032384385, y: 0.0015699249, z: 0.18554372, w: 0.9826347}
  m_LocalPosition: {x: -0.043479003, y: -0.000000019073486, z: 0.000000038146972}
  m_LocalScale: {x: 1.0000004, y: 0.9999996, z: 1}
  m_Children: []
  m_Father: {fileID: 4556407161133530}
  m_RootOrder: 0
  m_LocalEulerAnglesHint: {x: 0, y: 0, z: 0}
--- !u!4 &4091788047991286
Transform:
  m_ObjectHideFlags: 1
  m_PrefabParentObject: {fileID: 0}
  m_PrefabInternal: {fileID: 100100000}
  m_GameObject: {fileID: 1077737376423250}
  m_LocalRotation: {x: -0.0068666525, y: 0.39087284, z: 0.18539602, w: 0.901554}
  m_LocalPosition: {x: -0.10147793, y: -0.03888275, z: 0.03999959}
  m_LocalScale: {x: 1, y: 0.99999994, z: 1}
  m_Children: []
  m_Father: {fileID: 4075345712115072}
  m_RootOrder: 2
  m_LocalEulerAnglesHint: {x: 0, y: 0, z: 0}
--- !u!4 &4105639719575422
Transform:
  m_ObjectHideFlags: 1
  m_PrefabParentObject: {fileID: 0}
  m_PrefabInternal: {fileID: 100100000}
  m_GameObject: {fileID: 1333286826089022}
  m_LocalRotation: {x: 0.0008499541, y: -0.0037671707, z: 0.1938265, w: 0.98102826}
  m_LocalPosition: {x: -0.15154403, y: 0.0017958832, z: 0.014085064}
  m_LocalScale: {x: 0.99999994, y: 1.0000001, z: 0.99999994}
  m_Children:
  - {fileID: 4764161699240248}
  m_Father: {fileID: 4875282618222472}
  m_RootOrder: 2
  m_LocalEulerAnglesHint: {x: 0, y: 0, z: 0}
--- !u!4 &4105700843600574
Transform:
  m_ObjectHideFlags: 1
  m_PrefabParentObject: {fileID: 0}
  m_PrefabInternal: {fileID: 100100000}
  m_GameObject: {fileID: 1205106863226162}
  m_LocalRotation: {x: -0.24171504, y: -0.8158137, z: -0.097883135, w: 0.5161791}
  m_LocalPosition: {x: -0.15136604, y: -0.018315734, z: -0.025614034}
  m_LocalScale: {x: 1, y: 1, z: 1}
  m_Children: []
  m_Father: {fileID: 4551299677067080}
  m_RootOrder: 4
  m_LocalEulerAnglesHint: {x: 0, y: 0, z: 0}
--- !u!4 &4121626534998460
Transform:
  m_ObjectHideFlags: 1
  m_PrefabParentObject: {fileID: 0}
  m_PrefabInternal: {fileID: 100100000}
  m_GameObject: {fileID: 1967107442418046}
  m_LocalRotation: {x: 3.5527154e-14, y: 1.3530189e-13, z: 3.5527137e-14, w: 1}
  m_LocalPosition: {x: -0.14191855, y: 0, z: 5.968559e-14}
  m_LocalScale: {x: 1, y: 1, z: 1}
  m_Children:
  - {fileID: 4752602520640404}
  m_Father: {fileID: 4914862627720808}
  m_RootOrder: 0
  m_LocalEulerAnglesHint: {x: 0, y: 0, z: 0}
--- !u!4 &4124533681409268
Transform:
  m_ObjectHideFlags: 1
  m_PrefabParentObject: {fileID: 0}
  m_PrefabInternal: {fileID: 100100000}
  m_GameObject: {fileID: 1421846829008152}
  m_LocalRotation: {x: 0.000018364473, y: -0.0076596336, z: -0.002689772, w: 0.99996704}
  m_LocalPosition: {x: -0.03994728, y: 0, z: -0.000000038146972}
  m_LocalScale: {x: 0.9999999, y: 1, z: 1}
  m_Children:
  - {fileID: 4291812165250604}
  m_Father: {fileID: 4025252461763832}
  m_RootOrder: 0
  m_LocalEulerAnglesHint: {x: 0, y: 0, z: 0}
--- !u!4 &4126436992468202
Transform:
  m_ObjectHideFlags: 1
  m_PrefabParentObject: {fileID: 0}
  m_PrefabInternal: {fileID: 100100000}
  m_GameObject: {fileID: 1202779572075210}
  m_LocalRotation: {x: 2.7380753e-29, y: -1.9267492e-15, z: 1.4210855e-14, w: 1}
  m_LocalPosition: {x: -0.118055895, y: 0, z: 0}
  m_LocalScale: {x: 1, y: 1, z: 1}
  m_Children: []
  m_Father: {fileID: 4672926436691440}
  m_RootOrder: 0
  m_LocalEulerAnglesHint: {x: 0, y: 0, z: 0}
--- !u!4 &4139830490151450
Transform:
  m_ObjectHideFlags: 1
  m_PrefabParentObject: {fileID: 0}
  m_PrefabInternal: {fileID: 100100000}
  m_GameObject: {fileID: 1652675373838842}
  m_LocalRotation: {x: 2.1316287e-14, y: 2.842171e-14, z: -2.975991e-15, w: 1}
  m_LocalPosition: {x: 3.6379787e-14, y: -0.009356994, z: -0.6845177}
  m_LocalScale: {x: 1, y: 1, z: 1}
  m_Children: []
  m_Father: {fileID: 4044739740841280}
  m_RootOrder: 0
  m_LocalEulerAnglesHint: {x: 0, y: 0, z: 0}
--- !u!4 &4205977485008260
Transform:
  m_ObjectHideFlags: 1
  m_PrefabParentObject: {fileID: 0}
  m_PrefabInternal: {fileID: 100100000}
  m_GameObject: {fileID: 1298158237801256}
  m_LocalRotation: {x: 0.61543465, y: 0.3481959, z: -0.61543417, w: 0.34819618}
  m_LocalPosition: {x: 0.24865364, y: 0.66157883, z: 0.00000030517577}
  m_LocalScale: {x: 1, y: 1, z: 1}
  m_Children: []
  m_Father: {fileID: 4551299677067080}
  m_RootOrder: 1
  m_LocalEulerAnglesHint: {x: 0, y: 0, z: 0}
--- !u!4 &4227671157931900
Transform:
  m_ObjectHideFlags: 1
  m_PrefabParentObject: {fileID: 0}
  m_PrefabInternal: {fileID: 100100000}
  m_GameObject: {fileID: 1760470597081916}
  m_LocalRotation: {x: 0.0057973526, y: 0.017291807, z: 0.22232655, w: 0.97480166}
  m_LocalPosition: {x: -0.048492964, y: -0.000000076293944, z: 0}
  m_LocalScale: {x: 1.0000004, y: 0.99999946, z: 0.9999999}
  m_Children: []
  m_Father: {fileID: 4764161699240248}
  m_RootOrder: 0
  m_LocalEulerAnglesHint: {x: 0, y: 0, z: 0}
--- !u!4 &4227981491290186
Transform:
  m_ObjectHideFlags: 1
  m_PrefabParentObject: {fileID: 0}
  m_PrefabInternal: {fileID: 100100000}
  m_GameObject: {fileID: 1946457643873566}
  m_LocalRotation: {x: -0.0014864166, y: 0.0076888204, z: 0.19285747, w: 0.9811955}
  m_LocalPosition: {x: -0.15784447, y: -0.0001121521, z: 0.025673408}
  m_LocalScale: {x: 1, y: 0.99999994, z: 1}
  m_Children:
  - {fileID: 4627877979453222}
  m_Father: {fileID: 4250167544037560}
  m_RootOrder: 3
  m_LocalEulerAnglesHint: {x: 0, y: 0, z: 0}
--- !u!4 &4229178498039646
Transform:
  m_ObjectHideFlags: 1
  m_PrefabParentObject: {fileID: 0}
  m_PrefabInternal: {fileID: 100100000}
  m_GameObject: {fileID: 1803086942853098}
  m_LocalRotation: {x: 0.024630588, y: -0.003439785, z: 0.23093185, w: 0.9726521}
  m_LocalPosition: {x: -0.03755081, y: 0, z: -0.000000057220458}
  m_LocalScale: {x: 1.0000002, y: 0.99999976, z: 1}
  m_Children: []
  m_Father: {fileID: 4250576147452038}
  m_RootOrder: 0
  m_LocalEulerAnglesHint: {x: 0, y: 0, z: 0}
--- !u!4 &4250167544037560
Transform:
  m_ObjectHideFlags: 1
  m_PrefabParentObject: {fileID: 0}
  m_PrefabInternal: {fileID: 100100000}
  m_GameObject: {fileID: 1528013022915630}
  m_LocalRotation: {x: 0.07981359, y: -0.07372332, z: 0.16474101, w: 0.98033416}
  m_LocalPosition: {x: -0.25652125, y: 0, z: 0.000000019073486}
  m_LocalScale: {x: 0.9999999, y: 0.99999994, z: 0.9999999}
  m_Children:
  - {fileID: 4549814698802548}
  - {fileID: 4016575020422118}
  - {fileID: 4665344058189220}
  - {fileID: 4227981491290186}
  - {fileID: 4036491658564098}
  m_Father: {fileID: 4387013983774082}
  m_RootOrder: 0
  m_LocalEulerAnglesHint: {x: 0, y: 0, z: 0}
--- !u!4 &4250576147452038
Transform:
  m_ObjectHideFlags: 1
  m_PrefabParentObject: {fileID: 0}
  m_PrefabInternal: {fileID: 100100000}
  m_GameObject: {fileID: 1152660163651594}
  m_LocalRotation: {x: 0.0040091104, y: -0.023759987, z: 0.12962292, w: 0.9912706}
  m_LocalPosition: {x: -0.050009232, y: -0.000000038146972, z: -0.000000038146972}
  m_LocalScale: {x: 0.9999999, y: 1.0000001, z: 0.9999998}
  m_Children:
  - {fileID: 4229178498039646}
  m_Father: {fileID: 4529124427833610}
  m_RootOrder: 0
  m_LocalEulerAnglesHint: {x: 0, y: 0, z: 0}
--- !u!4 &4266295797314844
Transform:
  m_ObjectHideFlags: 1
  m_PrefabParentObject: {fileID: 0}
  m_PrefabInternal: {fileID: 100100000}
  m_GameObject: {fileID: 1652392234325668}
  m_LocalRotation: {x: 0.50000006, y: -0.5, z: -0.4999999, w: 0.5}
  m_LocalPosition: {x: -0, y: 0, z: 0}
  m_LocalScale: {x: 1, y: 1, z: 1}
  m_Children: []
  m_Father: {fileID: 4479446110697254}
  m_RootOrder: 1
  m_LocalEulerAnglesHint: {x: 0, y: 0, z: 0}
--- !u!4 &4286895388673522
Transform:
  m_ObjectHideFlags: 1
  m_PrefabParentObject: {fileID: 0}
  m_PrefabInternal: {fileID: 100100000}
  m_GameObject: {fileID: 1334190231853642}
  m_LocalRotation: {x: -0.22622687, y: 0.9717657, z: 0.0022303704, w: -0.06699264}
  m_LocalPosition: {x: -0.045273513, y: -0.11711237, z: -0.14643608}
  m_LocalScale: {x: 1, y: 1, z: 1}
  m_Children:
  - {fileID: 4789565061680916}
  m_Father: {fileID: 4757195730062058}
  m_RootOrder: 2
  m_LocalEulerAnglesHint: {x: 0, y: 0, z: 0}
--- !u!4 &4291812165250604
Transform:
  m_ObjectHideFlags: 1
  m_PrefabParentObject: {fileID: 0}
  m_PrefabInternal: {fileID: 100100000}
  m_GameObject: {fileID: 1028613006514900}
  m_LocalRotation: {x: -0.000012016739, y: -0.0049805525, z: 0.0018327641, w: 0.99998593}
  m_LocalPosition: {x: -0.030836258, y: -0.000000076293944, z: -0.000000076293944}
  m_LocalScale: {x: 0.99999994, y: 0.99999994, z: 1}
  m_Children: []
  m_Father: {fileID: 4124533681409268}
  m_RootOrder: 0
  m_LocalEulerAnglesHint: {x: 0, y: 0, z: 0}
--- !u!4 &4302916515873218
Transform:
  m_ObjectHideFlags: 1
  m_PrefabParentObject: {fileID: 0}
  m_PrefabInternal: {fileID: 100100000}
  m_GameObject: {fileID: 1216020036869284}
  m_LocalRotation: {x: -0.024473848, y: 0.011201246, z: 0.07418921, w: 0.99688095}
  m_LocalPosition: {x: -0.02495163, y: 0.000000038146972, z: 0.000000019073486}
  m_LocalScale: {x: 0.9999995, y: 1.0000002, z: 0.99999994}
  m_Children: []
  m_Father: {fileID: 4721460676495800}
  m_RootOrder: 0
  m_LocalEulerAnglesHint: {x: 0, y: 0, z: 0}
--- !u!4 &4304427200697696
Transform:
  m_ObjectHideFlags: 1
  m_PrefabParentObject: {fileID: 0}
  m_PrefabInternal: {fileID: 100100000}
  m_GameObject: {fileID: 1306948413013654}
  m_LocalRotation: {x: 0.50000006, y: -0.5, z: -0.4999999, w: 0.5}
  m_LocalPosition: {x: 0.20819089, y: 0.000000006921734, z: 0.042485364}
  m_LocalScale: {x: 1, y: 1, z: 1}
  m_Children: []
  m_Father: {fileID: 4479446110697254}
  m_RootOrder: 4
  m_LocalEulerAnglesHint: {x: 0, y: 0, z: 0}
--- !u!4 &4313414989832368
Transform:
  m_ObjectHideFlags: 1
  m_PrefabParentObject: {fileID: 0}
  m_PrefabInternal: {fileID: 100100000}
  m_GameObject: {fileID: 1122778958346288}
  m_LocalRotation: {x: -0.25593603, y: -0.3986625, z: -0.31332833, w: 0.82303727}
  m_LocalPosition: {x: -0.25873625, y: 0.0000022315978, z: 0}
  m_LocalScale: {x: 1.0000014, y: 0.9999958, z: 1.0000027}
  m_Children:
  - {fileID: 4387013983774082}
  m_Father: {fileID: 4991846678896936}
  m_RootOrder: 0
  m_LocalEulerAnglesHint: {x: 0, y: 0, z: 0}
--- !u!4 &4316671804781610
Transform:
  m_ObjectHideFlags: 1
  m_PrefabParentObject: {fileID: 0}
  m_PrefabInternal: {fileID: 100100000}
  m_GameObject: {fileID: 1025330514815470}
  m_LocalRotation: {x: -0.024629345, y: 0.0034390332, z: 0.23093183, w: 0.9726521}
  m_LocalPosition: {x: -0.03755081, y: 0.000000038146972, z: 0.000000038146972}
  m_LocalScale: {x: 0.9999999, y: 1.0000004, z: 0.9999998}
  m_Children: []
  m_Father: {fileID: 4627877979453222}
  m_RootOrder: 0
  m_LocalEulerAnglesHint: {x: 0, y: 0, z: 0}
--- !u!4 &4337548551614996
Transform:
  m_ObjectHideFlags: 1
  m_PrefabParentObject: {fileID: 0}
  m_PrefabInternal: {fileID: 100100000}
  m_GameObject: {fileID: 1080874847870840}
  m_LocalRotation: {x: 0.074026704, y: 0.33391288, z: -0.20338674, w: 0.9174182}
  m_LocalPosition: {x: -0.121914215, y: 0.045377653, z: 0.039914843}
  m_LocalScale: {x: 1, y: 1, z: 1}
  m_Children: []
  m_Father: {fileID: 4551299677067080}
  m_RootOrder: 6
  m_LocalEulerAnglesHint: {x: 0, y: 0, z: 0}
--- !u!4 &4347658926739600
Transform:
  m_ObjectHideFlags: 1
  m_PrefabParentObject: {fileID: 0}
  m_PrefabInternal: {fileID: 100100000}
  m_GameObject: {fileID: 1317035710947194}
  m_LocalRotation: {x: -0.0011632219, y: 0.014385811, z: 0.13873012, w: 0.9902251}
  m_LocalPosition: {x: -0.055160597, y: 0, z: 0}
  m_LocalScale: {x: 0.9999998, y: 1, z: 1}
  m_Children:
  - {fileID: 4736110447899596}
  m_Father: {fileID: 4665344058189220}
  m_RootOrder: 0
  m_LocalEulerAnglesHint: {x: 0, y: 0, z: 0}
--- !u!4 &4372019572589852
Transform:
  m_ObjectHideFlags: 1
  m_PrefabParentObject: {fileID: 0}
  m_PrefabInternal: {fileID: 100100000}
  m_GameObject: {fileID: 1004052607034710}
  m_LocalRotation: {x: 0.0068667657, y: -0.39087272, z: 0.18539624, w: 0.901554}
  m_LocalPosition: {x: -0.10147793, y: -0.03888275, z: -0.039999586}
  m_LocalScale: {x: 1, y: 1, z: 1}
  m_Children: []
  m_Father: {fileID: 4075345712115072}
  m_RootOrder: 3
  m_LocalEulerAnglesHint: {x: 0, y: 0, z: 0}
--- !u!4 &4387013983774082
Transform:
  m_ObjectHideFlags: 1
  m_PrefabParentObject: {fileID: 0}
  m_PrefabInternal: {fileID: 100100000}
  m_GameObject: {fileID: 1114565011632794}
  m_LocalRotation: {x: 0.6449403, y: -0.16030385, z: -0.23584801, w: 0.7090348}
  m_LocalPosition: {x: -0.29935378, y: -0.000000038146972, z: 0.000000076293944}
  m_LocalScale: {x: 0.9999999, y: 1, z: 0.9999999}
  m_Children:
  - {fileID: 4250167544037560}
  m_Father: {fileID: 4313414989832368}
  m_RootOrder: 0
  m_LocalEulerAnglesHint: {x: 0, y: 0, z: 0}
--- !u!4 &4479446110697254
Transform:
  m_ObjectHideFlags: 1
  m_PrefabParentObject: {fileID: 0}
  m_PrefabInternal: {fileID: 100100000}
  m_GameObject: {fileID: 1340757271541160}
  m_LocalRotation: {x: 0, y: 0, z: 0, w: 1}
  m_LocalPosition: {x: 0, y: -0.5, z: 0}
  m_LocalScale: {x: 0.5, y: 0.5, z: 0.5}
  m_Children:
  - {fileID: 4697103339746142}
  - {fileID: 4266295797314844}
  - {fileID: 4757195730062058}
  - {fileID: 4854171028190612}
  - {fileID: 4304427200697696}
  m_Father: {fileID: 4776064901850612}
  m_RootOrder: 0
  m_LocalEulerAnglesHint: {x: 0, y: 0, z: 0}
--- !u!4 &4485715229182906
Transform:
  m_ObjectHideFlags: 1
  m_PrefabParentObject: {fileID: 0}
  m_PrefabInternal: {fileID: 100100000}
  m_GameObject: {fileID: 1898446205446688}
  m_LocalRotation: {x: 0.00054553023, y: 0.008863409, z: 0.044475336, w: 0.99897105}
  m_LocalPosition: {x: -0.037570495, y: 0, z: 0.000000038146972}
  m_LocalScale: {x: 1, y: 0.9999999, z: 1}
  m_Children:
  - {fileID: 4831874827698286}
  m_Father: {fileID: 4512688022886672}
  m_RootOrder: 0
  m_LocalEulerAnglesHint: {x: 0, y: 0, z: 0}
--- !u!4 &4491153836404572
Transform:
  m_ObjectHideFlags: 1
  m_PrefabParentObject: {fileID: 0}
  m_PrefabInternal: {fileID: 100100000}
  m_GameObject: {fileID: 1662261504777046}
  m_LocalRotation: {x: -0.00032128362, y: -0.001567304, z: 0.18554303, w: 0.98263484}
  m_LocalPosition: {x: -0.043478925, y: 0.000000019073486, z: 0.000000038146972}
  m_LocalScale: {x: 0.99999964, y: 1.0000005, z: 1.0000002}
  m_Children: []
  m_Father: {fileID: 4026940624918922}
  m_RootOrder: 0
  m_LocalEulerAnglesHint: {x: 0, y: 0, z: 0}
--- !u!4 &4501324744827286
Transform:
  m_ObjectHideFlags: 1
  m_PrefabParentObject: {fileID: 0}
  m_PrefabInternal: {fileID: 100100000}
  m_GameObject: {fileID: 1951851115366912}
  m_LocalRotation: {x: -5.476158e-29, y: -1.9267518e-15, z: -2.842171e-14, w: 1}
  m_LocalPosition: {x: -0.118055895, y: -0.0000000023841857, z: 0}
  m_LocalScale: {x: 1, y: 1, z: 1}
  m_Children: []
  m_Father: {fileID: 4974147898998028}
  m_RootOrder: 0
  m_LocalEulerAnglesHint: {x: 0, y: 0, z: 0}
--- !u!4 &4512688022886672
Transform:
  m_ObjectHideFlags: 1
  m_PrefabParentObject: {fileID: 0}
  m_PrefabInternal: {fileID: 100100000}
  m_GameObject: {fileID: 1288203819155930}
  m_LocalRotation: {x: 0.00384659, y: -0.01771797, z: 0.21071298, w: 0.97737986}
  m_LocalPosition: {x: -0.15192138, y: -0.0066016386, z: -0.066994205}
  m_LocalScale: {x: 0.99999994, y: 1.0000001, z: 0.9999999}
  m_Children:
  - {fileID: 4485715229182906}
  m_Father: {fileID: 4875282618222472}
  m_RootOrder: 4
  m_LocalEulerAnglesHint: {x: 0, y: 0, z: 0}
--- !u!4 &4522452509792246
Transform:
  m_ObjectHideFlags: 1
  m_PrefabParentObject: {fileID: 0}
  m_PrefabInternal: {fileID: 100100000}
  m_GameObject: {fileID: 1582549795149774}
  m_LocalRotation: {x: 0.6154345, y: 0.348196, z: -0.6154343, w: 0.3481961}
  m_LocalPosition: {x: -0.11703583, y: 0.03701721, z: 0.00000015263278}
  m_LocalScale: {x: 1, y: 1, z: 1}
  m_Children:
  - {fileID: 4844991849239144}
  - {fileID: 4776077384313986}
  m_Father: {fileID: 4551299677067080}
  m_RootOrder: 9
  m_LocalEulerAnglesHint: {x: 0, y: 0, z: 0}
--- !u!4 &4529124427833610
Transform:
  m_ObjectHideFlags: 1
  m_PrefabParentObject: {fileID: 0}
  m_PrefabInternal: {fileID: 100100000}
  m_GameObject: {fileID: 1957377311197738}
  m_LocalRotation: {x: 0.0014865975, y: -0.0076887854, z: 0.19285744, w: 0.9811955}
  m_LocalPosition: {x: -0.15784454, y: -0.0001120758, z: -0.025673427}
  m_LocalScale: {x: 0.99999994, y: 1.0000001, z: 0.9999999}
  m_Children:
  - {fileID: 4250576147452038}
  m_Father: {fileID: 4875282618222472}
  m_RootOrder: 3
  m_LocalEulerAnglesHint: {x: 0, y: 0, z: 0}
--- !u!4 &4549814698802548
Transform:
  m_ObjectHideFlags: 1
  m_PrefabParentObject: {fileID: 0}
  m_PrefabInternal: {fileID: 100100000}
  m_GameObject: {fileID: 1066750889122316}
  m_LocalRotation: {x: -0.38467193, y: -0.31124452, z: 0.24431491, w: 0.8339452}
  m_LocalPosition: {x: -0.021906128, y: 0.011835098, z: -0.069710575}
  m_LocalScale: {x: 1, y: 0.9999999, z: 1}
  m_Children:
  - {fileID: 4707981053901814}
  m_Father: {fileID: 4250167544037560}
  m_RootOrder: 0
  m_LocalEulerAnglesHint: {x: 0, y: 0, z: 0}
--- !u!4 &4551299677067080
Transform:
  m_ObjectHideFlags: 1
  m_PrefabParentObject: {fileID: 0}
  m_PrefabInternal: {fileID: 100100000}
  m_GameObject: {fileID: 1866866995666026}
  m_LocalRotation: {x: -0.000009777291, y: 0.000032596046, z: -0.00046326194, w: 0.9999999}
  m_LocalPosition: {x: -0.04723152, y: -0.00000015258789, z: 0}
  m_LocalScale: {x: 0.99999994, y: 1, z: 1.0000001}
  m_Children:
  - {fileID: 4021624880387330}
  - {fileID: 4205977485008260}
  - {fileID: 4075345712115072}
  - {fileID: 4745749110826058}
  - {fileID: 4105700843600574}
  - {fileID: 4756741977742852}
  - {fileID: 4337548551614996}
  - {fileID: 4658800482209524}
  - {fileID: 4063707330948954}
  - {fileID: 4522452509792246}
  m_Father: {fileID: 4771224538469462}
  m_RootOrder: 0
  m_LocalEulerAnglesHint: {x: 0, y: 0, z: 0}
--- !u!4 &4553562449054998
Transform:
  m_ObjectHideFlags: 1
  m_PrefabParentObject: {fileID: 0}
  m_PrefabInternal: {fileID: 100100000}
  m_GameObject: {fileID: 1271789024298416}
  m_LocalRotation: {x: -0.22624907, y: 0.971772, z: -0.0021930754, w: 0.06682605}
  m_LocalPosition: {x: -0.045273513, y: -0.11711237, z: 0.14643607}
  m_LocalScale: {x: 1, y: 0.99999994, z: 1}
  m_Children:
  - {fileID: 4759809068807148}
  m_Father: {fileID: 4757195730062058}
  m_RootOrder: 1
  m_LocalEulerAnglesHint: {x: 0, y: 0, z: 0}
--- !u!4 &4555537959310796
Transform:
  m_ObjectHideFlags: 1
  m_PrefabParentObject: {fileID: 0}
  m_PrefabInternal: {fileID: 100100000}
  m_GameObject: {fileID: 1076493341265690}
  m_LocalRotation: {x: 2.1316287e-14, y: 2.842171e-14, z: -2.975991e-15, w: 1}
  m_LocalPosition: {x: 3.6379787e-14, y: -0.009356994, z: -0.6845177}
  m_LocalScale: {x: 1, y: 1, z: 1}
  m_Children: []
  m_Father: {fileID: 4044739740841280}
  m_RootOrder: 1
  m_LocalEulerAnglesHint: {x: 0, y: 0, z: 0}
--- !u!4 &4556407161133530
Transform:
  m_ObjectHideFlags: 1
  m_PrefabParentObject: {fileID: 0}
  m_PrefabInternal: {fileID: 100100000}
  m_GameObject: {fileID: 1797735954660090}
  m_LocalRotation: {x: -0.0010465959, y: -0.008610576, z: 0.18863457, w: 0.98200905}
  m_LocalPosition: {x: -0.046448134, y: 0, z: 0}
  m_LocalScale: {x: 0.9999999, y: 1.0000001, z: 1}
  m_Children:
  - {fileID: 4088611447627608}
  m_Father: {fileID: 4617645111875006}
  m_RootOrder: 0
  m_LocalEulerAnglesHint: {x: 0, y: 0, z: 0}
--- !u!4 &4576452642025260
Transform:
  m_ObjectHideFlags: 1
  m_PrefabParentObject: {fileID: 0}
  m_PrefabInternal: {fileID: 100100000}
  m_GameObject: {fileID: 1258677280059862}
  m_LocalRotation: {x: -0.038398113, y: -0.042275704, z: -0.5250187, w: 0.8491724}
  m_LocalPosition: {x: -0.36277905, y: 0.000000019073486, z: 0}
  m_LocalScale: {x: 1.0000013, y: 0.9999987, z: 0.9999997}
  m_Children:
  - {fileID: 4974147898998028}
  m_Father: {fileID: 4789565061680916}
  m_RootOrder: 0
  m_LocalEulerAnglesHint: {x: 0, y: 0, z: 0}
--- !u!4 &4617645111875006
Transform:
  m_ObjectHideFlags: 1
  m_PrefabParentObject: {fileID: 0}
  m_PrefabInternal: {fileID: 100100000}
  m_GameObject: {fileID: 1753765956135768}
  m_LocalRotation: {x: -0.0013212007, y: 0.007035059, z: 0.18109567, w: 0.98343945}
  m_LocalPosition: {x: -0.14381118, y: -0.0039648437, z: 0.058456764}
  m_LocalScale: {x: 0.99999994, y: 1.0000001, z: 0.99999994}
  m_Children:
  - {fileID: 4556407161133530}
  m_Father: {fileID: 4875282618222472}
  m_RootOrder: 1
  m_LocalEulerAnglesHint: {x: 0, y: 0, z: 0}
--- !u!4 &4627877979453222
Transform:
  m_ObjectHideFlags: 1
  m_PrefabParentObject: {fileID: 0}
  m_PrefabInternal: {fileID: 100100000}
  m_GameObject: {fileID: 1012796634324042}
  m_LocalRotation: {x: -0.0040095365, y: 0.023759672, z: 0.12962282, w: 0.9912706}
  m_LocalPosition: {x: -0.050009154, y: -0.000000038146972, z: 0.000000019073486}
  m_LocalScale: {x: 1.0000001, y: 1.0000001, z: 1}
  m_Children:
  - {fileID: 4316671804781610}
  m_Father: {fileID: 4227981491290186}
  m_RootOrder: 0
  m_LocalEulerAnglesHint: {x: 0, y: 0, z: 0}
--- !u!4 &4658800482209524
Transform:
  m_ObjectHideFlags: 1
  m_PrefabParentObject: {fileID: 0}
  m_PrefabInternal: {fileID: 100100000}
  m_GameObject: {fileID: 1277352713293686}
  m_LocalRotation: {x: -0.0740267, y: -0.333913, z: -0.20338662, w: 0.9174181}
  m_LocalPosition: {x: -0.121914215, y: 0.045377653, z: -0.039914843}
  m_LocalScale: {x: 1.0000001, y: 1, z: 1}
  m_Children: []
  m_Father: {fileID: 4551299677067080}
  m_RootOrder: 7
  m_LocalEulerAnglesHint: {x: 0, y: 0, z: 0}
--- !u!4 &4665344058189220
Transform:
  m_ObjectHideFlags: 1
  m_PrefabParentObject: {fileID: 0}
  m_PrefabInternal: {fileID: 100100000}
  m_GameObject: {fileID: 1254990222944830}
  m_LocalRotation: {x: -0.00084983424, y: 0.0037671179, z: 0.19382642, w: 0.98102826}
  m_LocalPosition: {x: -0.15154403, y: 0.0017958068, z: -0.014085082}
  m_LocalScale: {x: 1, y: 0.9999999, z: 0.99999994}
  m_Children:
  - {fileID: 4347658926739600}
  m_Father: {fileID: 4250167544037560}
  m_RootOrder: 2
  m_LocalEulerAnglesHint: {x: 0, y: 0, z: 0}
--- !u!4 &4672926436691440
Transform:
  m_ObjectHideFlags: 1
  m_PrefabParentObject: {fileID: 0}
  m_PrefabInternal: {fileID: 100100000}
  m_GameObject: {fileID: 1562873298240274}
  m_LocalRotation: {x: 0.03216917, y: 0.00032907788, z: -0.559936, w: 0.8279111}
  m_LocalPosition: {x: -0.2603687, y: 0.00011241436, z: 0.0009835815}
  m_LocalScale: {x: 1.0000017, y: 0.9999984, z: 1.0000001}
  m_Children:
  - {fileID: 4126436992468202}
  m_Father: {fileID: 4753558758970148}
  m_RootOrder: 0
  m_LocalEulerAnglesHint: {x: 0, y: 0, z: 0}
--- !u!4 &4697103339746142
Transform:
  m_ObjectHideFlags: 1
  m_PrefabParentObject: {fileID: 0}
  m_PrefabInternal: {fileID: 100100000}
  m_GameObject: {fileID: 1263662350431118}
  m_LocalRotation: {x: -0.70710695, y: -0.00000016858735, z: -0.00000016858743, w: 0.7071066}
  m_LocalPosition: {x: 0.09220958, y: 0.96333677, z: 0.05588146}
  m_LocalScale: {x: 1, y: 1, z: 1}
  m_Children: []
  m_Father: {fileID: 4479446110697254}
  m_RootOrder: 0
  m_LocalEulerAnglesHint: {x: 0, y: 0, z: 0}
--- !u!4 &4707981053901814
Transform:
  m_ObjectHideFlags: 1
  m_PrefabParentObject: {fileID: 0}
  m_PrefabInternal: {fileID: 100100000}
  m_GameObject: {fileID: 1455419056234074}
  m_LocalRotation: {x: -0.00001901556, y: 0.0076584737, z: -0.0026907804, w: 0.9999671}
  m_LocalPosition: {x: -0.039947204, y: -0.000000038146972, z: -0.000000038146972}
  m_LocalScale: {x: 0.9999999, y: 0.99999976, z: 1}
  m_Children:
  - {fileID: 4751681367232874}
  m_Father: {fileID: 4549814698802548}
  m_RootOrder: 0
  m_LocalEulerAnglesHint: {x: 0, y: 0, z: 0}
--- !u!4 &4720950405160450
Transform:
  m_ObjectHideFlags: 1
  m_PrefabParentObject: {fileID: 0}
  m_PrefabInternal: {fileID: 100100000}
  m_GameObject: {fileID: 1850232185430456}
  m_LocalRotation: {x: -0.00000005545865, y: -0.000000040293006, z: 0.24192187, w: 0.9702958}
  m_LocalPosition: {x: -0.12053047, y: -0.042624358, z: 0.000000019167091}
  m_LocalScale: {x: 0.9999999, y: 0.9999999, z: 1}
  m_Children: []
  m_Father: {fileID: 4075345712115072}
  m_RootOrder: 1
  m_LocalEulerAnglesHint: {x: 0, y: 0, z: 0}
--- !u!4 &4721460676495800
Transform:
  m_ObjectHideFlags: 1
  m_PrefabParentObject: {fileID: 0}
  m_PrefabInternal: {fileID: 100100000}
  m_GameObject: {fileID: 1705749455108952}
  m_LocalRotation: {x: -0.0005457039, y: -0.008863268, z: 0.044474524, w: 0.99897105}
  m_LocalPosition: {x: -0.03757057, y: 0.000000038146972, z: 0.000000019073486}
  m_LocalScale: {x: 0.99999976, y: 0.9999999, z: 1.0000001}
  m_Children:
  - {fileID: 4302916515873218}
  m_Father: {fileID: 4036491658564098}
  m_RootOrder: 0
  m_LocalEulerAnglesHint: {x: 0, y: 0, z: 0}
--- !u!4 &4736110447899596
Transform:
  m_ObjectHideFlags: 1
  m_PrefabParentObject: {fileID: 0}
  m_PrefabInternal: {fileID: 100100000}
  m_GameObject: {fileID: 1465770846153380}
  m_LocalRotation: {x: -0.0057979566, y: -0.01729315, z: 0.22232638, w: 0.97480166}
  m_LocalPosition: {x: -0.048493117, y: 0, z: -0.000000038146972}
  m_LocalScale: {x: 0.9999995, y: 1.0000004, z: 0.99999994}
  m_Children: []
  m_Father: {fileID: 4347658926739600}
  m_RootOrder: 0
  m_LocalEulerAnglesHint: {x: 0, y: 0, z: 0}
--- !u!4 &4741285498578186
Transform:
  m_ObjectHideFlags: 1
  m_PrefabParentObject: {fileID: 0}
  m_PrefabInternal: {fileID: 100100000}
  m_GameObject: {fileID: 1384412005534548}
  m_LocalRotation: {x: 2.162214e-21, y: 0, z: -0, w: 1}
  m_LocalPosition: {x: -0, y: 0, z: 0}
  m_LocalScale: {x: 1, y: 1, z: 1}
  m_Children:
  - {fileID: 4914862627720808}
  m_Father: {fileID: 4757195730062058}
  m_RootOrder: 0
  m_LocalEulerAnglesHint: {x: 0, y: 0, z: 0}
--- !u!4 &4745749110826058
Transform:
  m_ObjectHideFlags: 1
  m_PrefabParentObject: {fileID: 0}
  m_PrefabInternal: {fileID: 100100000}
  m_GameObject: {fileID: 1113167073330802}
  m_LocalRotation: {x: 0.24171466, y: 0.8158138, z: -0.097882725, w: 0.5161791}
  m_LocalPosition: {x: -0.15136604, y: -0.018315734, z: 0.02561404}
  m_LocalScale: {x: 1, y: 1, z: 1}
  m_Children: []
  m_Father: {fileID: 4551299677067080}
  m_RootOrder: 3
  m_LocalEulerAnglesHint: {x: 0, y: 0, z: 0}
--- !u!4 &4746238638920614
Transform:
  m_ObjectHideFlags: 1
  m_PrefabParentObject: {fileID: 0}
  m_PrefabInternal: {fileID: 100100000}
  m_GameObject: {fileID: 1591021876029078}
  m_LocalRotation: {x: 0.17989479, y: 0.6563976, z: 0.22193949, w: 0.6982284}
  m_LocalPosition: {x: -0.15356612, y: 0.09260886, z: 0.053123716}
  m_LocalScale: {x: 1, y: 1, z: 1}
  m_Children:
  - {fileID: 4006609150444114}
  m_Father: {fileID: 4752602520640404}
  m_RootOrder: 0
  m_LocalEulerAnglesHint: {x: 0, y: 0, z: 0}
--- !u!4 &4751681367232874
Transform:
  m_ObjectHideFlags: 1
  m_PrefabParentObject: {fileID: 0}
  m_PrefabInternal: {fileID: 100100000}
  m_GameObject: {fileID: 1303534123620374}
  m_LocalRotation: {x: 0.000010545351, y: 0.0049783597, z: 0.0018298065, w: 0.99998593}
  m_LocalPosition: {x: -0.030836258, y: 0.000000076293944, z: -0.000000114440915}
  m_LocalScale: {x: 0.99999976, y: 0.99999976, z: 1.0000001}
  m_Children: []
  m_Father: {fileID: 4707981053901814}
  m_RootOrder: 0
  m_LocalEulerAnglesHint: {x: 0, y: 0, z: 0}
--- !u!4 &4752602520640404
Transform:
  m_ObjectHideFlags: 1
  m_PrefabParentObject: {fileID: 0}
  m_PrefabInternal: {fileID: 100100000}
  m_GameObject: {fileID: 1149348959213096}
  m_LocalRotation: {x: 4.0079045e-21, y: 1.13287675e-14, z: -4.540462e-35, w: 1}
  m_LocalPosition: {x: -0.11609787, y: 0, z: 1.364242e-14}
  m_LocalScale: {x: 1, y: 1, z: 1}
  m_Children:
  - {fileID: 4746238638920614}
  - {fileID: 4991846678896936}
  - {fileID: 4771224538469462}
  m_Father: {fileID: 4121626534998460}
  m_RootOrder: 0
  m_LocalEulerAnglesHint: {x: 0, y: 0, z: 0}
--- !u!4 &4753558758970148
Transform:
  m_ObjectHideFlags: 1
  m_PrefabParentObject: {fileID: 0}
  m_PrefabInternal: {fileID: 100100000}
  m_GameObject: {fileID: 1692587950610938}
  m_LocalRotation: {x: 0.038181566, y: 0.04240902, z: -0.5250711, w: 0.8491431}
  m_LocalPosition: {x: -0.3627795, y: 0.00000377655, z: -0.0000037384032}
  m_LocalScale: {x: 1.000004, y: 0.99999654, z: 0.9999998}
  m_Children:
  - {fileID: 4672926436691440}
  m_Father: {fileID: 4759809068807148}
  m_RootOrder: 0
  m_LocalEulerAnglesHint: {x: 0, y: 0, z: 0}
--- !u!4 &4756741977742852
Transform:
  m_ObjectHideFlags: 1
  m_PrefabParentObject: {fileID: 0}
  m_PrefabInternal: {fileID: 100100000}
  m_GameObject: {fileID: 1980298635992478}
  m_LocalRotation: {x: -3.5524615e-16, y: -4.68943e-15, z: -0.21643962, w: 0.976296}
  m_LocalPosition: {x: -0.13593376, y: 0.051914975, z: 0}
  m_LocalScale: {x: 1, y: 1, z: 1}
  m_Children: []
  m_Father: {fileID: 4551299677067080}
  m_RootOrder: 5
  m_LocalEulerAnglesHint: {x: 0, y: 0, z: 0}
--- !u!4 &4757195730062058
Transform:
  m_ObjectHideFlags: 1
  m_PrefabParentObject: {fileID: 0}
  m_PrefabInternal: {fileID: 100100000}
  m_GameObject: {fileID: 1278555532776666}
  m_LocalRotation: {x: 0.50000006, y: -0.5, z: -0.4999999, w: 0.5}
  m_LocalPosition: {x: 5.3432814e-14, y: 0.99696857, z: -0.036730282}
  m_LocalScale: {x: 1, y: 1, z: 1}
  m_Children:
  - {fileID: 4741285498578186}
  - {fileID: 4553562449054998}
  - {fileID: 4286895388673522}
  m_Father: {fileID: 4479446110697254}
  m_RootOrder: 2
  m_LocalEulerAnglesHint: {x: 0, y: 0, z: 0}
--- !u!4 &4759809068807148
Transform:
  m_ObjectHideFlags: 1
  m_PrefabParentObject: {fileID: 0}
  m_PrefabInternal: {fileID: 100100000}
  m_GameObject: {fileID: 1447310779379170}
  m_LocalRotation: {x: -0.029206743, y: 0.047974784, z: 0.56078357, w: 0.82605517}
  m_LocalPosition: {x: -0.5591885, y: 0.0000066375733, z: -0.0000061035153}
  m_LocalScale: {x: 1.0000005, y: 0.9999996, z: 1.0000001}
  m_Children:
  - {fileID: 4753558758970148}
  m_Father: {fileID: 4553562449054998}
  m_RootOrder: 0
  m_LocalEulerAnglesHint: {x: 0, y: 0, z: 0}
--- !u!4 &4764161699240248
Transform:
  m_ObjectHideFlags: 1
  m_PrefabParentObject: {fileID: 0}
  m_PrefabInternal: {fileID: 100100000}
  m_GameObject: {fileID: 1030203771333490}
  m_LocalRotation: {x: 0.0011633601, y: -0.014386254, z: 0.13873042, w: 0.990225}
  m_LocalPosition: {x: -0.055160675, y: -0.000000038146972, z: -0.000000019073486}
  m_LocalScale: {x: 1.0000001, y: 1, z: 0.9999999}
  m_Children:
  - {fileID: 4227671157931900}
  m_Father: {fileID: 4105639719575422}
  m_RootOrder: 0
  m_LocalEulerAnglesHint: {x: 0, y: 0, z: 0}
--- !u!4 &4771224538469462
Transform:
  m_ObjectHideFlags: 1
  m_PrefabParentObject: {fileID: 0}
  m_PrefabInternal: {fileID: 100100000}
  m_GameObject: {fileID: 1066509180365380}
  m_LocalRotation: {x: -0.000007542321, y: -0.000033184166, z: -0.49202025, w: 0.8705838}
  m_LocalPosition: {x: -0.27985474, y: -0.02387608, z: 0.0000028652591}
  m_LocalScale: {x: 1, y: 1, z: 0.99999994}
  m_Children:
  - {fileID: 4551299677067080}
  m_Father: {fileID: 4752602520640404}
  m_RootOrder: 2
  m_LocalEulerAnglesHint: {x: 0, y: 0, z: 0}
--- !u!4 &4776064901850612
Transform:
  m_ObjectHideFlags: 1
  m_PrefabParentObject: {fileID: 0}
  m_PrefabInternal: {fileID: 100100000}
  m_GameObject: {fileID: 1010456265355872}
  m_LocalRotation: {x: 0, y: 0, z: 0, w: 1}
  m_LocalPosition: {x: 0, y: -2.8672297, z: -4.9328337}
  m_LocalScale: {x: 2, y: 2, z: 2}
  m_Children:
  - {fileID: 4479446110697254}
  m_Father: {fileID: 0}
  m_RootOrder: 0
  m_LocalEulerAnglesHint: {x: 0, y: 0, z: 0}
--- !u!4 &4776077384313986
Transform:
  m_ObjectHideFlags: 1
  m_PrefabParentObject: {fileID: 0}
  m_PrefabInternal: {fileID: 100100000}
  m_GameObject: {fileID: 1324453383395666}
  m_LocalRotation: {x: 2.842171e-14, y: -7.1054274e-15, z: 5.3875327e-15, w: 1}
  m_LocalPosition: {x: -1.8189894e-14, y: -0.008513507, z: -0.7236981}
  m_LocalScale: {x: 1, y: 1, z: 1}
  m_Children: []
  m_Father: {fileID: 4522452509792246}
  m_RootOrder: 1
  m_LocalEulerAnglesHint: {x: 0, y: 0, z: 0}
--- !u!4 &4789565061680916
Transform:
  m_ObjectHideFlags: 1
  m_PrefabParentObject: {fileID: 0}
  m_PrefabInternal: {fileID: 100100000}
  m_GameObject: {fileID: 1294851917693960}
  m_LocalRotation: {x: 0.029414626, y: -0.04827118, z: 0.56073457, w: 0.8260638}
  m_LocalPosition: {x: -0.5591884, y: 0.0000066185, z: 0.0000061035153}
  m_LocalScale: {x: 0.99999994, y: 0.99999976, z: 1.0000002}
  m_Children:
  - {fileID: 4576452642025260}
  m_Father: {fileID: 4286895388673522}
  m_RootOrder: 0
  m_LocalEulerAnglesHint: {x: 0, y: 0, z: 0}
--- !u!4 &4831874827698286
Transform:
  m_ObjectHideFlags: 1
  m_PrefabParentObject: {fileID: 0}
  m_PrefabInternal: {fileID: 100100000}
  m_GameObject: {fileID: 1316034727219774}
  m_LocalRotation: {x: 0.024473585, y: -0.0112012625, z: 0.0741901, w: 0.9968808}
  m_LocalPosition: {x: -0.02495163, y: -0.000000038146972, z: 0.000000019073486}
  m_LocalScale: {x: 1.0000004, y: 0.99999946, z: 0.9999999}
  m_Children: []
  m_Father: {fileID: 4485715229182906}
  m_RootOrder: 0
  m_LocalEulerAnglesHint: {x: 0, y: 0, z: 0}
--- !u!4 &4844991849239144
Transform:
  m_ObjectHideFlags: 1
  m_PrefabParentObject: {fileID: 0}
  m_PrefabInternal: {fileID: 100100000}
  m_GameObject: {fileID: 1720978167615106}
  m_LocalRotation: {x: 2.842171e-14, y: -7.1054274e-15, z: 5.3875327e-15, w: 1}
  m_LocalPosition: {x: -1.8189894e-14, y: -0.008513507, z: -0.7236981}
  m_LocalScale: {x: 1, y: 1, z: 1}
  m_Children: []
  m_Father: {fileID: 4522452509792246}
  m_RootOrder: 0
  m_LocalEulerAnglesHint: {x: 0, y: 0, z: 0}
--- !u!4 &4854171028190612
Transform:
  m_ObjectHideFlags: 1
  m_PrefabParentObject: {fileID: 0}
  m_PrefabInternal: {fileID: 100100000}
  m_GameObject: {fileID: 1368249139495108}
  m_LocalRotation: {x: 0.50000006, y: -0.5, z: -0.4999999, w: 0.5}
  m_LocalPosition: {x: -0.20819089, y: 0.000000006921745, z: 0.042485297}
  m_LocalScale: {x: 1, y: 1, z: 1}
  m_Children: []
  m_Father: {fileID: 4479446110697254}
  m_RootOrder: 3
  m_LocalEulerAnglesHint: {x: 0, y: 0, z: 0}
--- !u!4 &4875282618222472
Transform:
  m_ObjectHideFlags: 1
  m_PrefabParentObject: {fileID: 0}
  m_PrefabInternal: {fileID: 100100000}
  m_GameObject: {fileID: 1172688221195170}
  m_LocalRotation: {x: -0.07981356, y: 0.073723376, z: 0.16474093, w: 0.98033416}
  m_LocalPosition: {x: -0.25652128, y: 0, z: 0}
  m_LocalScale: {x: 1, y: 1, z: 0.99999994}
  m_Children:
  - {fileID: 4025252461763832}
  - {fileID: 4617645111875006}
  - {fileID: 4105639719575422}
  - {fileID: 4529124427833610}
  - {fileID: 4512688022886672}
  m_Father: {fileID: 4920174328207654}
  m_RootOrder: 0
  m_LocalEulerAnglesHint: {x: 0, y: 0, z: 0}
--- !u!4 &4914862627720808
Transform:
  m_ObjectHideFlags: 1
  m_PrefabParentObject: {fileID: 0}
  m_PrefabInternal: {fileID: 100100000}
  m_GameObject: {fileID: 1178189954854486}
  m_LocalRotation: {x: 3.552714e-14, y: 1.239731e-13, z: 3.5527137e-14, w: 1}
  m_LocalPosition: {x: -0.087009124, y: -0.020505115, z: 4.5474734e-15}
  m_LocalScale: {x: 1, y: 1, z: 1}
  m_Children:
  - {fileID: 4121626534998460}
  m_Father: {fileID: 4741285498578186}
  m_RootOrder: 0
  m_LocalEulerAnglesHint: {x: 0, y: 0, z: 0}
--- !u!4 &4920174328207654
Transform:
  m_ObjectHideFlags: 1
  m_PrefabParentObject: {fileID: 0}
  m_PrefabInternal: {fileID: 100100000}
  m_GameObject: {fileID: 1131290944317124}
  m_LocalRotation: {x: -0.6449404, y: 0.16030386, z: -0.2358481, w: 0.7090348}
  m_LocalPosition: {x: -0.29935372, y: 0, z: 0}
  m_LocalScale: {x: 1, y: 1, z: 0.99999994}
  m_Children:
  - {fileID: 4875282618222472}
  m_Father: {fileID: 4006609150444114}
  m_RootOrder: 0
  m_LocalEulerAnglesHint: {x: 0, y: 0, z: 0}
--- !u!4 &4974147898998028
Transform:
  m_ObjectHideFlags: 1
  m_PrefabParentObject: {fileID: 0}
  m_PrefabInternal: {fileID: 100100000}
  m_GameObject: {fileID: 1820887661995750}
  m_LocalRotation: {x: -0.03216921, y: -0.00032906764, z: -0.55993736, w: 0.8279101}
  m_LocalPosition: {x: -0.26036873, y: 0.00010997772, z: -0.0009834671}
  m_LocalScale: {x: 0.9999984, y: 1.0000017, z: 1.0000001}
  m_Children:
  - {fileID: 4501324744827286}
  m_Father: {fileID: 4576452642025260}
  m_RootOrder: 0
  m_LocalEulerAnglesHint: {x: 0, y: 0, z: 0}
--- !u!4 &4991846678896936
Transform:
  m_ObjectHideFlags: 1
  m_PrefabParentObject: {fileID: 0}
  m_PrefabInternal: {fileID: 100100000}
  m_GameObject: {fileID: 1396497622868876}
  m_LocalRotation: {x: -0.17989317, y: -0.6563987, z: 0.22193535, w: 0.69822913}
  m_LocalPosition: {x: -0.15356612, y: 0.09260887, z: -0.053123716}
  m_LocalScale: {x: 1, y: 1, z: 1}
  m_Children:
  - {fileID: 4313414989832368}
  m_Father: {fileID: 4752602520640404}
  m_RootOrder: 1
  m_LocalEulerAnglesHint: {x: 0, y: 0, z: 0}
--- !u!23 &23004293555533126
MeshRenderer:
  m_ObjectHideFlags: 1
  m_PrefabParentObject: {fileID: 0}
  m_PrefabInternal: {fileID: 100100000}
  m_GameObject: {fileID: 1298158237801256}
  m_Enabled: 1
  m_CastShadows: 1
  m_ReceiveShadows: 1
  m_DynamicOccludee: 1
  m_MotionVectors: 1
  m_LightProbeUsage: 1
  m_ReflectionProbeUsage: 1
  m_Materials:
  - {fileID: 2100000, guid: 0ad52be1891ce0c418718b9c9ae95eff, type: 2}
  m_StaticBatchInfo:
    firstSubMesh: 0
    subMeshCount: 0
  m_StaticBatchRoot: {fileID: 0}
  m_ProbeAnchor: {fileID: 0}
  m_LightProbeVolumeOverride: {fileID: 0}
  m_ScaleInLightmap: 1
  m_PreserveUVs: 0
  m_IgnoreNormalsForChartDetection: 0
  m_ImportantGI: 0
  m_StitchLightmapSeams: 0
  m_SelectedEditorRenderState: 3
  m_MinimumChartSize: 4
  m_AutoUVMaxDistance: 0.5
  m_AutoUVMaxAngle: 89
  m_LightmapParameters: {fileID: 0}
  m_SortingLayerID: 0
  m_SortingLayer: 0
  m_SortingOrder: 0
--- !u!23 &23348969335203122
MeshRenderer:
  m_ObjectHideFlags: 1
  m_PrefabParentObject: {fileID: 0}
  m_PrefabInternal: {fileID: 100100000}
  m_GameObject: {fileID: 1324453383395666}
  m_Enabled: 1
  m_CastShadows: 1
  m_ReceiveShadows: 1
  m_DynamicOccludee: 1
  m_MotionVectors: 1
  m_LightProbeUsage: 1
  m_ReflectionProbeUsage: 1
  m_Materials:
  - {fileID: 2100000, guid: 0ad52be1891ce0c418718b9c9ae95eff, type: 2}
  m_StaticBatchInfo:
    firstSubMesh: 0
    subMeshCount: 0
  m_StaticBatchRoot: {fileID: 0}
  m_ProbeAnchor: {fileID: 0}
  m_LightProbeVolumeOverride: {fileID: 0}
  m_ScaleInLightmap: 1
  m_PreserveUVs: 0
  m_IgnoreNormalsForChartDetection: 0
  m_ImportantGI: 0
  m_StitchLightmapSeams: 0
  m_SelectedEditorRenderState: 3
  m_MinimumChartSize: 4
  m_AutoUVMaxDistance: 0.5
  m_AutoUVMaxAngle: 89
  m_LightmapParameters: {fileID: 0}
  m_SortingLayerID: 0
  m_SortingLayer: 0
  m_SortingOrder: 0
--- !u!23 &23375033625535110
MeshRenderer:
  m_ObjectHideFlags: 1
  m_PrefabParentObject: {fileID: 0}
  m_PrefabInternal: {fileID: 100100000}
  m_GameObject: {fileID: 1145074250108772}
  m_Enabled: 1
  m_CastShadows: 1
  m_ReceiveShadows: 1
  m_DynamicOccludee: 1
  m_MotionVectors: 1
  m_LightProbeUsage: 1
  m_ReflectionProbeUsage: 1
  m_Materials:
  - {fileID: 2100000, guid: 0ad52be1891ce0c418718b9c9ae95eff, type: 2}
  m_StaticBatchInfo:
    firstSubMesh: 0
    subMeshCount: 0
  m_StaticBatchRoot: {fileID: 0}
  m_ProbeAnchor: {fileID: 0}
  m_LightProbeVolumeOverride: {fileID: 0}
  m_ScaleInLightmap: 1
  m_PreserveUVs: 0
  m_IgnoreNormalsForChartDetection: 0
  m_ImportantGI: 0
  m_StitchLightmapSeams: 0
  m_SelectedEditorRenderState: 3
  m_MinimumChartSize: 4
  m_AutoUVMaxDistance: 0.5
  m_AutoUVMaxAngle: 89
  m_LightmapParameters: {fileID: 0}
  m_SortingLayerID: 0
  m_SortingLayer: 0
  m_SortingOrder: 0
--- !u!23 &23685480084342792
MeshRenderer:
  m_ObjectHideFlags: 1
  m_PrefabParentObject: {fileID: 0}
  m_PrefabInternal: {fileID: 100100000}
  m_GameObject: {fileID: 1720978167615106}
  m_Enabled: 1
  m_CastShadows: 1
  m_ReceiveShadows: 1
  m_DynamicOccludee: 1
  m_MotionVectors: 1
  m_LightProbeUsage: 1
  m_ReflectionProbeUsage: 1
  m_Materials:
  - {fileID: 2100000, guid: 0ad52be1891ce0c418718b9c9ae95eff, type: 2}
  m_StaticBatchInfo:
    firstSubMesh: 0
    subMeshCount: 0
  m_StaticBatchRoot: {fileID: 0}
  m_ProbeAnchor: {fileID: 0}
  m_LightProbeVolumeOverride: {fileID: 0}
  m_ScaleInLightmap: 1
  m_PreserveUVs: 0
  m_IgnoreNormalsForChartDetection: 0
  m_ImportantGI: 0
  m_StitchLightmapSeams: 0
  m_SelectedEditorRenderState: 3
  m_MinimumChartSize: 4
  m_AutoUVMaxDistance: 0.5
  m_AutoUVMaxAngle: 89
  m_LightmapParameters: {fileID: 0}
  m_SortingLayerID: 0
  m_SortingLayer: 0
  m_SortingOrder: 0
--- !u!23 &23774968333980762
MeshRenderer:
  m_ObjectHideFlags: 1
  m_PrefabParentObject: {fileID: 0}
  m_PrefabInternal: {fileID: 100100000}
  m_GameObject: {fileID: 1076493341265690}
  m_Enabled: 1
  m_CastShadows: 1
  m_ReceiveShadows: 1
  m_DynamicOccludee: 1
  m_MotionVectors: 1
  m_LightProbeUsage: 1
  m_ReflectionProbeUsage: 1
  m_Materials:
  - {fileID: 2100000, guid: 0ad52be1891ce0c418718b9c9ae95eff, type: 2}
  m_StaticBatchInfo:
    firstSubMesh: 0
    subMeshCount: 0
  m_StaticBatchRoot: {fileID: 0}
  m_ProbeAnchor: {fileID: 0}
  m_LightProbeVolumeOverride: {fileID: 0}
  m_ScaleInLightmap: 1
  m_PreserveUVs: 0
  m_IgnoreNormalsForChartDetection: 0
  m_ImportantGI: 0
  m_StitchLightmapSeams: 0
  m_SelectedEditorRenderState: 3
  m_MinimumChartSize: 4
  m_AutoUVMaxDistance: 0.5
  m_AutoUVMaxAngle: 89
  m_LightmapParameters: {fileID: 0}
  m_SortingLayerID: 0
  m_SortingLayer: 0
  m_SortingOrder: 0
--- !u!23 &23818216114454026
MeshRenderer:
  m_ObjectHideFlags: 1
  m_PrefabParentObject: {fileID: 0}
  m_PrefabInternal: {fileID: 100100000}
  m_GameObject: {fileID: 1342238684145498}
  m_Enabled: 1
  m_CastShadows: 1
  m_ReceiveShadows: 1
  m_DynamicOccludee: 1
  m_MotionVectors: 1
  m_LightProbeUsage: 1
  m_ReflectionProbeUsage: 1
  m_Materials:
  - {fileID: 2100000, guid: 0ad52be1891ce0c418718b9c9ae95eff, type: 2}
  m_StaticBatchInfo:
    firstSubMesh: 0
    subMeshCount: 0
  m_StaticBatchRoot: {fileID: 0}
  m_ProbeAnchor: {fileID: 0}
  m_LightProbeVolumeOverride: {fileID: 0}
  m_ScaleInLightmap: 1
  m_PreserveUVs: 0
  m_IgnoreNormalsForChartDetection: 0
  m_ImportantGI: 0
  m_StitchLightmapSeams: 0
  m_SelectedEditorRenderState: 3
  m_MinimumChartSize: 4
  m_AutoUVMaxDistance: 0.5
  m_AutoUVMaxAngle: 89
  m_LightmapParameters: {fileID: 0}
  m_SortingLayerID: 0
  m_SortingLayer: 0
  m_SortingOrder: 0
--- !u!23 &23850392417129578
MeshRenderer:
  m_ObjectHideFlags: 1
  m_PrefabParentObject: {fileID: 0}
  m_PrefabInternal: {fileID: 100100000}
  m_GameObject: {fileID: 1652675373838842}
  m_Enabled: 1
  m_CastShadows: 1
  m_ReceiveShadows: 1
  m_DynamicOccludee: 1
  m_MotionVectors: 1
  m_LightProbeUsage: 1
  m_ReflectionProbeUsage: 1
  m_Materials:
  - {fileID: 2100000, guid: 0ad52be1891ce0c418718b9c9ae95eff, type: 2}
  m_StaticBatchInfo:
    firstSubMesh: 0
    subMeshCount: 0
  m_StaticBatchRoot: {fileID: 0}
  m_ProbeAnchor: {fileID: 0}
  m_LightProbeVolumeOverride: {fileID: 0}
  m_ScaleInLightmap: 1
  m_PreserveUVs: 0
  m_IgnoreNormalsForChartDetection: 0
  m_ImportantGI: 0
  m_StitchLightmapSeams: 0
  m_SelectedEditorRenderState: 3
  m_MinimumChartSize: 4
  m_AutoUVMaxDistance: 0.5
  m_AutoUVMaxAngle: 89
  m_LightmapParameters: {fileID: 0}
  m_SortingLayerID: 0
  m_SortingLayer: 0
  m_SortingOrder: 0
--- !u!23 &23901985482774326
MeshRenderer:
  m_ObjectHideFlags: 1
  m_PrefabParentObject: {fileID: 0}
  m_PrefabInternal: {fileID: 100100000}
  m_GameObject: {fileID: 1010456265355872}
  m_Enabled: 0
  m_CastShadows: 1
  m_ReceiveShadows: 1
  m_DynamicOccludee: 1
  m_MotionVectors: 1
  m_LightProbeUsage: 1
  m_ReflectionProbeUsage: 1
  m_Materials:
  - {fileID: 2100000, guid: 7e880d7b0f5ea304e820bf0af73294c1, type: 2}
  m_StaticBatchInfo:
    firstSubMesh: 0
    subMeshCount: 0
  m_StaticBatchRoot: {fileID: 0}
  m_ProbeAnchor: {fileID: 0}
  m_LightProbeVolumeOverride: {fileID: 0}
  m_ScaleInLightmap: 1
  m_PreserveUVs: 1
  m_IgnoreNormalsForChartDetection: 0
  m_ImportantGI: 0
  m_StitchLightmapSeams: 0
  m_SelectedEditorRenderState: 3
  m_MinimumChartSize: 4
  m_AutoUVMaxDistance: 0.5
  m_AutoUVMaxAngle: 89
  m_LightmapParameters: {fileID: 0}
  m_SortingLayerID: 0
  m_SortingLayer: 0
  m_SortingOrder: 0
--- !u!33 &33055642277637692
MeshFilter:
  m_ObjectHideFlags: 1
  m_PrefabParentObject: {fileID: 0}
  m_PrefabInternal: {fileID: 100100000}
  m_GameObject: {fileID: 1652675373838842}
  m_Mesh: {fileID: 4300002, guid: c230b9246bce7bf41bc8bd813b5e70e3, type: 3}
--- !u!33 &33169967016167722
MeshFilter:
  m_ObjectHideFlags: 1
  m_PrefabParentObject: {fileID: 0}
  m_PrefabInternal: {fileID: 100100000}
  m_GameObject: {fileID: 1010456265355872}
  m_Mesh: {fileID: 10207, guid: 0000000000000000e000000000000000, type: 0}
--- !u!33 &33281600907457998
MeshFilter:
  m_ObjectHideFlags: 1
  m_PrefabParentObject: {fileID: 0}
  m_PrefabInternal: {fileID: 100100000}
  m_GameObject: {fileID: 1145074250108772}
  m_Mesh: {fileID: 4300004, guid: c230b9246bce7bf41bc8bd813b5e70e3, type: 3}
--- !u!33 &33304491547516484
MeshFilter:
  m_ObjectHideFlags: 1
  m_PrefabParentObject: {fileID: 0}
  m_PrefabInternal: {fileID: 100100000}
  m_GameObject: {fileID: 1720978167615106}
  m_Mesh: {fileID: 4300008, guid: c230b9246bce7bf41bc8bd813b5e70e3, type: 3}
--- !u!33 &33424705647305858
MeshFilter:
  m_ObjectHideFlags: 1
  m_PrefabParentObject: {fileID: 0}
  m_PrefabInternal: {fileID: 100100000}
  m_GameObject: {fileID: 1342238684145498}
  m_Mesh: {fileID: 4300010, guid: c230b9246bce7bf41bc8bd813b5e70e3, type: 3}
--- !u!33 &33478942553508332
MeshFilter:
  m_ObjectHideFlags: 1
  m_PrefabParentObject: {fileID: 0}
  m_PrefabInternal: {fileID: 100100000}
  m_GameObject: {fileID: 1076493341265690}
  m_Mesh: {fileID: 4300000, guid: c230b9246bce7bf41bc8bd813b5e70e3, type: 3}
--- !u!33 &33818076003575308
MeshFilter:
  m_ObjectHideFlags: 1
  m_PrefabParentObject: {fileID: 0}
  m_PrefabInternal: {fileID: 100100000}
  m_GameObject: {fileID: 1298158237801256}
  m_Mesh: {fileID: 4300012, guid: c230b9246bce7bf41bc8bd813b5e70e3, type: 3}
--- !u!33 &33894048589311684
MeshFilter:
  m_ObjectHideFlags: 1
  m_PrefabParentObject: {fileID: 0}
  m_PrefabInternal: {fileID: 100100000}
  m_GameObject: {fileID: 1324453383395666}
  m_Mesh: {fileID: 4300006, guid: c230b9246bce7bf41bc8bd813b5e70e3, type: 3}
--- !u!95 &95096840278973268
Animator:
  serializedVersion: 3
  m_ObjectHideFlags: 1
  m_PrefabParentObject: {fileID: 0}
  m_PrefabInternal: {fileID: 100100000}
  m_GameObject: {fileID: 1340757271541160}
  m_Enabled: 1
  m_Avatar: {fileID: 9000000, guid: c230b9246bce7bf41bc8bd813b5e70e3, type: 3}
  m_Controller: {fileID: 9100000, guid: 9d8d5958a2eb2cf4d87b6305a7c056d4, type: 2}
  m_CullingMode: 1
  m_UpdateMode: 0
  m_ApplyRootMotion: 0
  m_LinearVelocityBlending: 0
  m_WarningMessage: 
  m_HasTransformHierarchy: 1
  m_AllowConstantClipSamplingOptimization: 1
--- !u!114 &114736653054884310
MonoBehaviour:
  m_ObjectHideFlags: 1
  m_PrefabParentObject: {fileID: 0}
  m_PrefabInternal: {fileID: 100100000}
  m_GameObject: {fileID: 1010456265355872}
  m_Enabled: 1
  m_EditorHideFlags: 0
  m_Script: {fileID: 11500000, guid: 31e4bb96ff8f52748a5eb88dfed8a6bf, type: 3}
  m_Name: 
  m_EditorClassIdentifier: 
  IsStrong: 0
  type: 2
  StartPos: {x: 5, y: 5, z: 0}
  EndPos: {x: -5, y: -5, z: 0}
  stopping_time: 0.5
  StoppingPos: {x: 0, y: 0, z: 0}
  time: 3
--- !u!135 &135173224090205616
SphereCollider:
  m_ObjectHideFlags: 1
  m_PrefabParentObject: {fileID: 0}
  m_PrefabInternal: {fileID: 100100000}
  m_GameObject: {fileID: 1010456265355872}
  m_Material: {fileID: 0}
  m_IsTrigger: 0
  m_Enabled: 1
  serializedVersion: 2
  m_Radius: 0.5
  m_Center: {x: 0, y: 0, z: 0}
--- !u!137 &137450549458304146
SkinnedMeshRenderer:
  m_ObjectHideFlags: 1
  m_PrefabParentObject: {fileID: 0}
  m_PrefabInternal: {fileID: 100100000}
  m_GameObject: {fileID: 1263662350431118}
  m_Enabled: 1
  m_CastShadows: 1
  m_ReceiveShadows: 1
  m_DynamicOccludee: 1
  m_MotionVectors: 1
  m_LightProbeUsage: 1
  m_ReflectionProbeUsage: 1
  m_Materials:
  - {fileID: 2100000, guid: 0ad52be1891ce0c418718b9c9ae95eff, type: 2}
  m_StaticBatchInfo:
    firstSubMesh: 0
    subMeshCount: 0
  m_StaticBatchRoot: {fileID: 0}
  m_ProbeAnchor: {fileID: 0}
  m_LightProbeVolumeOverride: {fileID: 0}
  m_ScaleInLightmap: 1
  m_PreserveUVs: 0
  m_IgnoreNormalsForChartDetection: 0
  m_ImportantGI: 0
  m_StitchLightmapSeams: 0
  m_SelectedEditorRenderState: 3
  m_MinimumChartSize: 4
  m_AutoUVMaxDistance: 0.5
  m_AutoUVMaxAngle: 89
  m_LightmapParameters: {fileID: 0}
  m_SortingLayerID: 0
  m_SortingLayer: 0
  m_SortingOrder: 0
  serializedVersion: 2
  m_Quality: 0
  m_UpdateWhenOffscreen: 0
  m_SkinnedMotionVectors: 1
  m_Mesh: {fileID: 4300014, guid: c230b9246bce7bf41bc8bd813b5e70e3, type: 3}
  m_Bones:
  - {fileID: 4551299677067080}
  - {fileID: 4745749110826058}
  - {fileID: 4752602520640404}
  - {fileID: 4337548551614996}
  - {fileID: 4756741977742852}
  - {fileID: 4091788047991286}
  - {fileID: 4720950405160450}
  - {fileID: 4075345712115072}
  - {fileID: 4746238638920614}
  - {fileID: 4771224538469462}
  - {fileID: 4006609150444114}
  - {fileID: 4920174328207654}
  - {fileID: 4757195730062058}
  - {fileID: 4914862627720808}
  - {fileID: 4121626534998460}
  - {fileID: 4553562449054998}
  - {fileID: 4286895388673522}
  - {fileID: 4875282618222472}
  - {fileID: 4025252461763832}
  - {fileID: 4759809068807148}
  - {fileID: 4753558758970148}
  - {fileID: 4672926436691440}
  - {fileID: 4126436992468202}
  - {fileID: 4105639719575422}
  - {fileID: 4764161699240248}
  - {fileID: 4227671157931900}
  - {fileID: 4529124427833610}
  - {fileID: 4250576147452038}
  - {fileID: 4229178498039646}
  - {fileID: 4512688022886672}
  - {fileID: 4485715229182906}
  - {fileID: 4831874827698286}
  - {fileID: 4617645111875006}
  - {fileID: 4556407161133530}
  - {fileID: 4088611447627608}
  - {fileID: 4124533681409268}
  - {fileID: 4291812165250604}
  - {fileID: 4105700843600574}
  - {fileID: 4658800482209524}
  - {fileID: 4372019572589852}
  - {fileID: 4991846678896936}
  - {fileID: 4313414989832368}
  - {fileID: 4387013983774082}
  - {fileID: 4250167544037560}
  - {fileID: 4549814698802548}
  - {fileID: 4789565061680916}
  - {fileID: 4576452642025260}
  - {fileID: 4974147898998028}
  - {fileID: 4501324744827286}
  - {fileID: 4665344058189220}
  - {fileID: 4347658926739600}
  - {fileID: 4736110447899596}
  - {fileID: 4227981491290186}
  - {fileID: 4627877979453222}
  - {fileID: 4316671804781610}
  - {fileID: 4036491658564098}
  - {fileID: 4721460676495800}
  - {fileID: 4302916515873218}
  - {fileID: 4016575020422118}
  - {fileID: 4026940624918922}
  - {fileID: 4491153836404572}
  - {fileID: 4707981053901814}
  - {fileID: 4751681367232874}
  m_BlendShapeWeights: []
  m_RootBone: {fileID: 4757195730062058}
  m_AABB:
    m_Center: {x: 0.05677989, y: 0.036659673, z: -0.00000059604645}
    m_Extent: {x: 0.9633632, y: 0.3785045, z: 0.69050246}
  m_DirtyAABB: 0
